2862 4708
72 529 220 591 factiones
248 535 281 589 et
306 528 429 591 dissidia
451 529 532 590 inter
559 525 745 590 Christianos
764 535 992 610 provocassent.
1047 530 1161 608 Quem·

72 635 239 695 admodum
259 634 398 696 Corinthi
421 633 679 716 pseudodoctores
703 633 854 695 letissime
877 635 1043 707 florebant,
1079 637 1163 718 quod

71 762 137 801 nou
157 749 272 800 tautum
291 747 391 801 eertos
413 741 559 822 quosdam
576 740 713 800 homines
733 740 772 799 ad
790 747 891 821 partes
909 763 977 802 suas
995 749 1162 814 traxerant,

70 847 139 906 sed·
151 848 275 928 integris
296 849 481 936 factionibus·
495 847 554 907 sibi
575 845 702 906 uddietis
724 845 908 919 nitebantur,
931 849 973 908 ita
991 847 1064 908 alibi
1086 869 1162 930 quo·

71 974 135 1034 que
153 953 234 1012 idem
253 953 463 1014 moliebantur.
506 953 569 1029 (Ex
586 951 633 1012 his
651 971 772 1032 quoque
793 952 983 1033 intelligitur,
1012 974 1066 1012 eur
1081 953 1161 1013 Pau·

70 1058 122 1117 lus
144 1058 235 1118 Rom.
262 1061 315 1132 16,
334 1063 376 1122 17
395 1059 549 1120 Romanos
561 1056 669 1138 jubeat
690 1067 831 1121 σκοπεῖν
847 1050 906 1130 τίς
924 1048 986 1130 atie
1008 1056 1162 1143 διχοστα-

70 1161 149 1235 σίας
176 1163 230 1228 καί
261 1157 304 1228 τοί
336 1157 512 1230 σκάνδαλα
536 1159 727 1242 uocemue),
788 1160 895 1243 Neque
924 1160 981 1222 hae
1004 1165 1161 1224 oeeasioue

70 1269 245 1342 inimicitia,
285 1291 344 1352 qua
377 1271 409 1329 in
432 1268 563 1330 Paulum
591 1267 766 1328 ferebantur
795 1267 918 1350 pessimi
943 1267 990 1328 illi
1012 1267 1160 1341 homines,

71 1376 195 1436 silentio
218 1375 470 1457 praetermittitur.
523 1374 637 1437 Paulus
661 1374 740 1434 enim
769 1395 801 1435 v.
826 1375 868 1446 ltl
898 1374 991 1447 dicit,
1023 1395 1076 1435 eos
1104 1375 1162 1436 hae

73 1502 197 1563 quoque
220 1501 274 1561 spe
303 1481 392 1555 duci,
428 1502 461 1541 se
493 1481 552 1542 boe
580 1481 671 1541 modo
699 1481 871 1542 afflictiones
901 1480 995 1562 ipsius
1019 1489 1162 1543 anetnros

74 1596 144 1644 ‘esse
167 1577 331 1667 (οἰόμενοι
353 1588 480 1667 θλίψιν
503 1587 674 1672 ἐπιφέρειν
696 1598 767 1659 τοῖς
789 1585 925 1672 δεσμοῖς
947 1591 1023 1671 με).
1066 1587 1160 1650 Nole-

75 1689 136 1748 hat¹
154 1697 253 1748 tamen
274 1689 387 1748 Paulus
416 1691 494 1749 haue
518 1691 642 1750 laetandi
661 1692 816 1750 mneriem
837 1691 875 1750 iis
893 1691 1015 1771 largiri:
1052 1713 1162 1754 eeon·

37 1831 55 1844 ·
74 1795 171 1854 trario
189 1794 323 1854 laetitiam
343 1814 406 1876 pree
429 1815 462 1854 se
485 1795 557 1866 fert,
579 1794 661 1875 quod
683 1794 843 1854 christiana
864 1794 972 1874 religio
997 1797 1085 1856 etiarn
1103 1797 1163 1858 hoe

73 1901 168 1962 modo
197 1900 334 1981 plurimis
362 1900 548 1973 innotescam
580 1898 645 1978 (Τί
667 1892 753 1986 γᾶρς
790 1875 882 1984 πλήν
908 1899 1012 1965 παντί
1035 1894 1162 1988 τρόπῳ,

74 2009 144 2072 iius
164 1997 346 2092 προφάσει,
365 2007 432 2070 ε”ιτε
455 1997 614 2091 οἷληθεία,
638 1995 788 2090 Χριστός
811 2005 1077 2093 καταγγέλλεται·
1106 2006 1164 2073 καί

74 2118 113 2179 ἐν
142 2103 250 2195 τούτῳ
280 2108 403 2196 χαίρω,
437 2102 523 2176 α’λλιί
557 2111 613 2176 καλ
644 2101 834 2196 χαρήσομαι
861 2133 893 2174 r.
916 2113 992 2191 18);
1024 2135 1092 2176 uam
1120 2115 1162 2175 ita

75 2240 196 2300 semper
226 2217 298 2277 mali
327 2224 359 2278 et
384 2217 480 2298 impii,
506 2238 674 2298 quanquam
702 2217 807 2290 iuviti,
842 2217 1009 2279 inserviunt
1032 2218 1162 2282 deereb's

56 2325 183 2386 -diviuis
214 2323 439 2404 promovendis.

166 2409 353 2508 Quod-vero
371 2428 410 2489 ad
428 2429 523 2509 ipsam
540 2428 698 2489 ecelesiam
720 2427 961 2510 Philippensium
983 2429 1101 2503 attinet,
1124 2430 1162 2491 iia

74 2535 226 2617 theologis
249 2535 393 2595 accedere
414 2555 474 2594 non
495 2535 677 2608 dubitamus,
704 2535 756 2617 qni
777 2541 922 2607 statuunt,
944 2534 1162 2598 admonitiones

77 2641 169 2703 Pauli
193 2662 253 2701 non
275 2649 335 2702 tum
356 2641 466 2722 placitu
488 2640 632 2700 falsorum
655 2641 813 2700 doctorum
834 2641 1079 2722 Philippensibus
1097 2641 1161 2724 jam

74 2749 202 2830 probata
215 2768 461 2829 praesupponere‚
478 2769 566 2830 quam
579 2747 748 2828 apostolum
760 2755 955 2820 metuentem,
973 2769 1011 2808 ne
1028 2749 1078 2808 vel
1094 2747 1162 2810 haee

76 2854 217 2926 ecelesia,
250 2861 316 2936 quie
338 2854 395 2912 sibi
416 2873 535 2934 semper
556 2853 663 2912 fuisset
686 2875 774 2934 quam
794 2855 921 2912 maxime
945 2847 1160 2932 addiota'(ell·.

76 2965 111 3032 4,
133 2959 192 3022 15.
208 2961 264 3020 σίν.
288 2959 420 3038 capt,
445 2959 548 3034 3-12),
574 2957 613 3016 ad
635 2965 737 3036 partes
762 2976 866 3015 eorum
884 2956 1068 3035 perniciosus
1091 2977 1162 3036 per-

76 3063 291 3148 duceretur1).
342 3062 492 3123 Utebatur
521 3061 584 3120 siue
615 3060 707 3120 dubio
737 3057 864 3117 eeclesia
889 3057 1095 3140 Philippensis
1123 3081 1161 3122 eo

74 3179 213 3252 tempore
245 3169 349 3229 eadem
372 3167 564 3238 conditione,
597 3166 624 3225 si
642 3165 735 3225 salsos
764 3165 904 3224 doctores
928 3172 1068 3254 spectes,
1103 3187 1162 3248 qna

76 3275 150 3338 olim
177 3273 368 3356 Romanas).
428 3271 472 3333 Ut
496 3271 528 3331 in
558 3271 650 3332 Rom.
681 3272 734 3344 lo,
763 3273 816 3333 17.
848 3267 1029 3355 παρακαλοῖ
1058 3261 1160 3357 ripole,

76 3391 262 3448 σκοπεῖν
282 3373 341 3452 ‘vde'
366 3377 426 3440 the.
449 3379 490 3438 ita
511 3375 757 3459 Philippensibus
778 3375 942 3436 acclamat:
973 3373 1161 3461 βλέπετε

82 3511 314 3524 *uu—-

92 3577 122 3642 1)
143 3577 202 3630 cfr.
223 3575 331 3638 Sabina,
351 3571 395 3626 die
414 3569 560 3625 Gemeinde
579 3589 616 3624 au
636 3571 769 3640 Philippi.
811 3571 877 3625 Zair.
895 3570 973 3626 leot.

92 3671 125 3736 2)
146 3667 180 3720 de
196 3665 295 3732 Wette,
314 3667 426 3719 Ενίείᾶκ.
447 3665 495 3716 des
509 3663 648 3715 Romerbr.
669 3665 751 3717 Rom.
764 3663 808 3728 16,
827 3663 870 3716 17.
906 3663 1014 3730 ''Benr‚
1033 3665 1159 3737 Tubtng.

147 3757 285 3812 Zeltsnhr.
304 3756 506 3812 1831111164.
525 3755 566 3819 tt,
585 3754 685 3808 uimmt
702 3755 758 3826 bey
776 3757 828 3808 den
847 3756 1007 3810 rimiseheu
1029 3759 1160 3810 Christeu
1215 3804 1217 3812 ,

145 3850 210 3902 eine
223 3848 474 3914 J'udenehristliobe
484 3848 617 3902 Tendens
635 3863 680 3901 su.
717 3848 792 3900 dher
810 3848 940 3901 eben-die
950 3849 1164 3918 Vergleiehuug'

136 3943 196 3998 ‚der
220 3941 328 3994 Stelleu
352 3957 402 3994 nus
423 3942 487 3994 dem
512 3939 588 3997 Phil.
607 3939 656 3992 Br.
678 3937 719 4006 (3,
736 3938 756 3991 ’2
774 3939 805 3994 ff.
824 3938 858 3992 18
875 3940 913 4005 f.)
935 3940 1049 3992 erlsubt
1071 3954 1159 3990 nnun-

145 4035 282 4096 uebmen,
312 4034 374 4085 dass
394 4033 444 4084 der
464 4032 516 4101 dp.
535 4047 590 4084 nur
607 4047 659 4083 vor
676 4031 790 4084 solehen
810 4027 1081 4092 Menseheu‘unrnt,
1108 4030 1161 4083 uui

146 4126 199 4181 dea
218 4121 473 4195 migliehen'Pall,
492 4125 556 4180 dass
573 4122 614 4181 sle
633 4123 707 4179 naoh
724 4125 797 4179 Rom
815 4121 945 4177 hommrn
964 4121 1117 4174 hduuteuss’
