2862 4708
1024 277 1110 372 uo
1202 381 1207 398 ,

8 535 10 566 r
68 507 139 568 tiae
159 505 407 588 interpretante
427 507 551 570 uberim
579 511 725 570 eximere
750 525 869 568 necnon
885 505 975 568 'bane
996 505 1172 589 disputatio·
1259 551 1269 568 .

8 653 9 674 ι
70 630 162 684 nem,
186 629 247 693 quo
270 611 370 693 major
390 613 419 672 ei
442 613 653 674 conciliaretur
675 613 833 686 autoritas,
856 611 956 674 Paulo
976 613 1037 694 ipsi
1058 614 1170 674 adscri-

70 715 206 792 bere1).
236 751 279 764 -
309 718 373 780 Sed
397 727 590 800 praepostere
620 719 691 779 huic
721 718 874 778 sedulitati
905 718 1037 808 sequelic
1069 719 1169 780 noxiis

8 859 9 864 κ
68 835 139 880 non
162 822 298 884 deerant.
355 823 524 904 Propterea
543 824 628 906 quod
654 831 776 884 autores
801 803 910 885 horum
931 832 1169 886 commentorum

67 946 136 985 uon
160 927 192 986 iu
217 928 432 989 universaliore
461 929 515 988 illa
543 929 587 988 de'
614 929 714 988 subito
735 927 859 988 Domini
886 928 987 988 reditu
1009 937 1168 1009 exspecta·

8 1081 10 1102 ,
68 1031 158 1090 tione
183 1033 374 1112 acquiescere
394 1033 552 1105 volebant,
574 1055 664 1114 quam
685 1031 800 1094 Paulus
818 1053 925 1112 mogus
947 1053 1016 1092 eum
1035 1035 1168 1114 prudeu-

8 1179 12 1212 ι,
64 1135 112 1197 tiu
132 1136 165 1194 iu
187 1137 353 1217 practicum
381 1159 472 1199 usum
495 1143 707 1209 converterat,
745 1136 802 1196 sed
823 1135 934 1196 limites
956 1137 994 1196 ab
1015 1136 1166 1218 Apostolo

67 1248 161 1302 cauta
185 1242 430 1323 circumscriptos
449 1250 563 1308 temere
585 1243 792 1314 excedebant,
825 1240 896 1302 lsiue
917 1240 1029 1302 lactum
1052 1249 1113 1314 est,
1136 1251 1170 1304 ut

8 1393 16 1424 5
67 1347 390 1412 Thessalonicensiusn
407 1348 472 1421 alii,
489 1347 626 1428 cupidius
643 1346 728 1428 justo
750 1347 830 1408 diem
845 1346 932 1406 illurn
947 1346 1168 1418 desiderantes,

8 1491 10 1508 ⁵
68 1451 167 1512 rebus
197 1453 248 1513 vel
277 1453 437 1514 levissimis
470 1452 510 1513 ad
537 1475 603 1514 eam
633 1453 855 1516 adducerentur
881 1451 1073 1533 opinionem,
1104 1451 1169 1534 jaus
1248 1505 1252 1512 .

10 1579 14 1609 ·,
70 1555 183 1614 adesse
205 1563 289 1616 certa
317 1557 381 1635 ejus
404 1557 466 1618 diei
491 1559 624 1639 auspicia
645 1580 764 1620 necnon
784 1557 969 1618 lectissimum
994 1558 1169 1620 calamitatis

11 1680 15 1702 1
70 1657 236 1737 praesentis
266 1660 380 1726 exilum
399 1662 531 1734 instare,
553 1662 647 1740 alii2)
664 1663 773 1724 timore
795 1667 939 1744 metuque
962 1663 1100 1744 suspensi
1122 1671 1168 1723 tc·

8 1949 15 1980 ἶ,
82 1893 119 1964 1)
139 1897 199 1950 Cir.
220 1899 342 1967 depilet.
371 1900 457 1955 Pauli
473 1900 498 1955 ἃ
514 1901 630 1955 ΤΙιεσΙιε
655 1917 701 1972 ap.
726 1901 835 1954 Tertall
861 1901 896 1954 sle
923 1899 1059 1968 baptismo
1078 1919 1100 1955 c.
1121 1901 1164 1954 17.
1256 1941 1258 1948 .

140 1986 246 2058 ''Quod
268 1991 293 2043 si
316 2009 376 2060 qua
400 1993 492 2046 Paulo
510 2010 661 2064 perperam
682 1993 828 2063 adscripta
848 1999 929 2059 sant,
956 1993 992 2046 ad
1017 1992 1177 2046 licentiaru‘

140 2081 298 2136 mulierum
315 2082 433 2136 docendi
452 2084 636 2156 tingendique
655 2087 820 2151 detendunt,
844 2084 943 2149 sciunt,
960 2083 989 2138 ia
1008 2083 1076 2138 daia
1089 2102 1168 2154 pres-

141 2173 285 2244 byterum,
306 2173 354 2242 qui
373 2191 435 2227 enm
454 2176 626 2246 scripturum
643 2175 808 2236 construxit,
825 2174 906 2244 quasi
926 2173 1010 2228 titulo
1029 2175 1114 2230 Pauli
1133 2176 1169 2226 da

141 2281 192 2316 suo
220 2247 378 2330 cumulans,
404 2267 564 2322 convictum
582 2275 667 2340 etque
686 2268 855 2331 contessum,
875 2265 905 2317 id
925 2273 1064 2320 sermore
1083 2265 1170 2320 Pauli

9 2417 10 2434 ζ
135 2355 250 2421 secisse,
269 2357 333 2408 loco
352 2355 533 2411 decessisse.”

82 2445 120 2516 2)
139 2447 185 2499 ltu
210 2446 281 2498 mihi
305 2447 534 2518 distingvendum
560 2451 757 2509 essevislctur
782 2447 858 2504 inter
883 2453 979 2515 razdos
1004 2443 1167 2516 σαλευθῆναι

141 2535 194 2592 αἰπὰ
212 2535 245 2592 σθ
262 2537 319 2595 vods
337 2539 362 2592 dt
379 2542 527 2609 θροεῖσθαι
545 2540 677 2596 θΤΙιεεε.
698 2540 725 2606 2,
744 2540 778 2607 ²3
797 2542 867 2595 odeo
886 2547 916 2594 ut
934 2541 1008 2594 illud
1023 2539 1166 2594 referatur

139 2630 174 2682 ad
195 2646 252 2694 eos,
272 2630 321 2698 qni
339 2647 403 2684 mox
421 2649 505 2686 auras
524 2634 690 2702 preberent,
709 2633 758 2686 ubi
777 2633 838 2702 quis
853 2633 1024 2686 vociferetur
1042 2632 1078 2685 sit
1097 2625 1165 2698 (σῖτ’.

139 2717 246 2776 Masis.
271 2721 314 2786 2t,
335 2721 370 2776 23
392 2721 458 2778 Τότε
483 2723 530 2778 εἀν
548 2745 588 2782 sss
612 2721 676 2795 ὖμῖν
693 2725 780 2799 εἴη)
804 2719 883 2790 ’Ideni
902 2717 954 2778 siids
978 2719 1112 2797 o‘Xpsso's
1130 2717 1166 2790 (ἥ

139 2802 193 2864 siids
212 2831 238 2866 ιι-
253 2832 278 2866 r.
294 2811 344 2881 i.),
361 2813 381 2868 i.
402 2832 426 2868 e.
448 2817 484 2868 ad
503 2833 560 2880 eos,
585 2817 643 2886 qui,
669 2834 757 2884 quum
770 2816 951 2885 gravioribus
976 2831 1010 2866 eo
1037 2821 1165 2879 tempora

137 2910 308 2956 vexarentur
334 2905 555 2972 afflictionibus,
587 2907 772 2975 procliviores
805 2912 899 2956 essent
930 2905 967 2956 ad
994 2901 1166 2956 laetissimum

138 3008 218 3062 spem
246 2995 474 3063 concipiendam,
503 2996 527 3048 si
548 2997 594 3047 vel
619 2995 794 3048 levissimum
820 2995 1017 3045 observassent
1041 2990 1164 3059 signum,

137 3085 211 3154 quod
230 3083 343 3138 initium
357 3083 436 3138 illius
449 3092 564 3136 eventus
576 3085 726 3154 presagire
744 3084 798 3136 sibi
817 3084 1003 3136 videretur-
1014 3081 1166 3150 θροεῖσθαι

138 3173 207 3227 ver'o
227 3175 262 3227 nd
282 3193 338 3240 cos,
367 3175 414 3245 qui
434 3192 489 3228 non
508 3181 567 3228 tem
592 3175 720 3228 futurum
747 3174 891 3238 laetitiam,
920 3188 1005 3242 quem
1029 3171 1165 3226 instantes

136 3265 344 3318 vicissitudines
369 3265 558 3336 gravissimas·
571 3281 706 3335 suspenso
732 3265 826 3320 animo
851 3270 1020 3334 spectarent.
1068 3263 1165 3318 Sobott

140 3357 254 3427 quidem
273 3357 488 3425 Heydcarer'cbio
507 3357 630 3422 aceedit,
654 3358 704 3426 qui
723 3356 892 3418 sententium
912 3355 1022 3424 Koppii,
1052 3355 1098 3410 oui
1115 3376 1165 3410 τα-

136 3448 426 3518 1tusimputiantiam
443 3449 600 3519 exprimere
618 3449 746 3514 ridetur,
768 3466 824 3518 qua
841 3450 938 3518 plures
955 3447 1164 3502 Thesadlonice

138 3540 263 3596 reditum
280 3540 387 3593 Christi
410 3541 649 3610 exspectaverint,
676 3541 739 3594 idco
757 3539 945 3609 improbavit,
970 3542 1044 3610 quod
1064 3541 1162 3606 verba,

34 3658 36 3666 ¹
138 3632 307 3702 quibuscum
323 3637 418 3700 ταχέωε
444 3631 559 3702 propius
587 3632 725 3692 solueret,
748 3628 911 3701 σαλευθῆναι
930 3625 983 3688 α’πδ
1002 3631 1061 3698 δια,
1080 3633 1162 3686 labe-

138 3724 294 3778 factionem
312 3725 404 3795 potius
421 3722 610 3793 persuasionis
630 3723 707 3792 prius
724 3724 849 3792 probatae
867 3740 932 3777 cusu
948 3724 1162 3793 perturbatione

141 3817 322 3882 conjunctam
340 3815 508 3886 significent.
544 3814 600 3868 Sed
618 3815 676 3868 hec
694 3813 833 3868 sententia
852 3814 952 3868 nititur
970 3807 1164 3884 preconcepts

136 3908 190 3962 illa
210 3908 351 3977 opinione,
379 3924 438 3976 que
462 3907 517 3976 ipsi
535 3905 647 3976 Koppio
665 3923 729 3960 curn
748 3905 848 3960 Schott
867 3905 986 3974 aliisque
1005 3900 1162 3958 communis

36 4023 40 4028 ·
138 4007 190 4064 est,
207 3999 297 4052 fuisso
315 3999 389 4053 inter
407 3998 683 4061 Thessalonicenses,
704 3997 826 4067 qni‘jnsn
846 4013 876 4048 so
895 3995 979 4062 dejici
997 3999 1162 4062 paterentur

137 4090 335 4162 persuasione,
362 4105 446 4161 quant
475 4099 558 4146 ersten
578 4090 701 4160 amplexi
727 4089 867 4153 tuissent,
889 4088 924 4138 do
942 4084 1036 4138 reditu
1054 4081 1161 4136 Christi
