2864 4712
1052 237 1108 327 sl

78 453 185 518 dicavit
192 497 205 530 ‚
238 471 359 518 noanon
392 451 556 544 sapasim
581 449 767 526 declaravit,
812 451 1001 536 evangelium
1028 475 1090 545 non
1110 460 1170 524 nisl

24 643 25 648 ἵ
77 561 331 644 complementum
362 551 466 621 e‘arum
501 577 568 620 esse
595 559 851 640 promissionum,
893 581 960 644 quae
988 561 1172 628 Judaeum

76 656 241 728 maioribus
261 667 339 726 datae
358 673 470 726 essent.
515 664 616 726 Gallio
635 665 729 746 igitur
749 665 879 727 Paulum
896 667 1082 751 comitesque
1106 671 1174 734 eins

76 777 218 854 tanv'am
240 773 366 833 Iudaeos
390 771 556 851 spectavit,
592 791 686 853 quare
706 770 943 846 libertatemr,
977 793 1065 856 qvam
1086 773 1173 857 leges

76 878 222 938 llomauae
243 877 357 938 Judaeis
378 883 601 947 concesserant,
623 876 744 956 privare
768 897 821 938 eos
844 877 960 944 noluit=
986 879 1095 960 quodsi
1112 881 1175 942 Ju-

80 982 139 1044 dai
168 982 206 1042 de
229 970 364 1061 doctrina
386 1003 440 1042 sua
468 981 691 1043 controversias
717 981 796 1040 inter
825 1001 858 1042 se
887 981 1054 1057 haberent,
1093 985 1172 1048 tales

79 1087 117 1150 ab
137 1087 209 1168 ipsis
229 1088 267 1148 ad
288 1087 389 1168 legem
409 1087 576 1149 Moericum
597 1083 778 1146 dirimendas
801 1104 869 1144 esse
893 1087 1027 1160 censuit,
1051 1089 1099 1150 sin
1119 1111 1173 1151 su·

77 1189 136 1253 tem
154 1191 229 1252 nihil
250 1192 402 1254 violenter
423 1199 578 1272 ageretur,
600 1189 773 1251 Proconsul
790 1197 885 1266 totam
907 1211 972 1252 rem
991 1214 1009 1252 a
1025 1211 1059 1252 se
1082 1193 1173 1278 plane

77 1298 201 1358 alienam
223 1298 354 1378 putavit.
407 1289 557 1358 Gallionis
580 1296 692 1358 iudicio
718 1297 855 1359 effectum
877 1303 937 1372 est,
958 1303 992 1358 ut
1013 1297 1074 1380 ipsi
1094 1299 1175 1381 pefi-

77 1411 159 1464 toros
189 1403 325 1465 ludibrio
347 1401 380 1466 ds
407 1401 616 1465 vexationibus
644 1401 802 1486 gentilium
833 1405 1060 1485 exponerentur
1085 1401 1171 1487 (Act.

77 1510 129 1581 18,
154 1509 278 1585 Iole).

165 1613 217 1672 llx
236 1612 296 1682 iis,
335 1610 577 1691 quml‘hilippis
599 1619 684 1691 gesta
706 1619 797 1683 snut,
835 1609 894 1670 iam
918 1618 1006 1672 antea
1027 1613 1172 1687 vidimus,

77 1716 208 1796 gentiles
238 1712 385 1796 quosdam
406 1713 504 1772 Paulo
524 1715 651 1772 infestos
674 1713 788 1785 luisse,
821 1715 904 1793 quod
922 1715 1174 1778 laudamentum

77 1820 205 1880 consilia
232 1817 318 1880 irrita
346 1817 500 1878 redderet.
555 1817 668 1878 Paucis
701 1818 785 1878 anuis
816 1817 980 1878 interiectis
1016 1819 1175 1900 spostolus

75 1926 182 1988 eadem
203 1925 243 1984 de
275 1929 365 1984 cansa
384 1920 500 2002 Ephesi
529 1922 561 1980 in
582 1941 730 1983 summum
754 1923 916 1983 discrimen
945 1923 1093 1986 adductus
1112 1931 1172 1990 est,

76 2031 153 2098 Nam
174 2031 207 2090 in
229 2027 283 2088 illa
306 2027 382 2086 urbe
405 2027 492 2086 saber
511 2027 633 2108 quidam
650 2029 855 2108 argentarius,
887 2029 1083 2102 Demetrius,
1119 2031 1173 2113 qui

77 2142 219 2216 argentea
240 2130 495 2194 Diauaeiaciebat
518 2131 668 2206 delubra,
688 2133 754 2194 aliis
773 2134 915 2195 similium
935 2155 1038 2196 rernm
1058 2134 1174 2216 opillei·

76 2242 134 2302 bus
157 2238 351 2309 convocatis,
385 2236 443 2296 hos
465 2243 571 2296 contra
594 2237 726 2298 Paulum
747 2239 902 2301 excitavit.
957 2237 1013 2300 Ex
1037 2238 1173 2300 orations

78 2345 157 2426 ejus,
182 2366 251 2428 quen
276 2345 308 2404 in
327 2341 400 2404 set.
423 2343 477 2414 19,
500 2341 600 2404 25-28
625 2341 757 2423 legitur,
795 2350 934 2426 apparet,
968 2344 1175 2424 gravissimam

79 2451 201 2533 quidem
230 2450 262 2509 in
283 2447 415 2508 Paulum
443 2447 664 2511 accusationem
683 2447 754 2509 inde
775 2449 935 2531 repetitam
964 2455 1051 2523 es'se,
1089 2450 1173 2534 quod

77 2574 262 2638 pernoram
282 2553 450 2614 doctrinam
470 2552 577 2632 religio
597 2541 744 2614 maiorum
764 2555 797 2614 in
812 2561 1018 2635 contemptum
1040 2553 1174 2616 adduce·

74 2669 182 2733 retur,
212 2680 317 2720 verum
339 2681 378 2719 ex
408 2658 474 2739 ipsa
500 2658 697 2719 accusationis
718 2659 815 2720 forma
843 2659 915 2720 setis
946 2659 1029 2722 clare
1057 2659 1170 2733 elucet,

77 2769 178 2848 ipsum
198 2765 406 2826 vehementem
430 2763 518 2822 illum
541 2763 695 2845 religionis
710 2763 812 2826 'avitos
832 2783 967 2827 amorem
987 2783 1027 2826 ex
1050 2766 1176 2828 avaritie

78 2880 111 2932 et
133 2871 220 2949 [lucri
250 2870 351 2930 studio
382 2869 507 2951 proprie
544 2887 612 2929 esse
640 2871 823 2951 profectum.
890 2849 1065 2931 Demetrius
1094 2871 1176 2930 euim
1307 2895 1310 2900 ·

78 2978 179 3040 statim
198 2977 243 3036 sic
264 2975 390 3056 incipit:
426 2967 582 3059 Ἄνδρες,
617 2973 796 3062 irrigastis,
826 2968 881 3037 ὅτι
904 2975 941 3036 ἐκ
964 2965 1092 3055 ταύτης
1113 2968 1176 3055 τῆς

78 3079 238 3173 ἐργασίας
259 3073 281 3165 η’
304 3070 448 3164 εὐπορία
468 3070 568 3162 ἡμῶν
591 3078 671 3144 ἐστι.
722 3079 803 3140 Tum
823 3075 943 3158 pergite
992 3067 1035 3139 ori
1064 3065 1175 3160 μόνον

78 3187 115 3254 δὲ
143 3184 245 3254 τοῦτο
278 3174 459 3252 senderedus
489 3175 575 3267 ἡμῖν
604 3173 644 3248 vd
674 3178 777 3267 μέρος
808 3184 858 3255 εἰς
885 3170 1083 3278 α’πέλαγμόα
1119 3181 1177 3248 ἐλ-

77 3297 172 3356 θαῑα
196 3281 304 3354 cilici
330 3288 397 3353 col
419 3279 457 3352 τό
478 3279 540 3381 τῆς
561 3280 714 3374 μεγάλης
744 3286 832 3362 θεᾶς
854 3280 1056 3375 Ἀρτέμιδος
1083 3279 1176 3374 raeda

77 3399 129 3468 εἰς
160 3386 261 3462 οὐδὲν
290 3391 496 3481 λογισθῆναι
528 3391 588 3454 dac.
655 3392 775 3470 Quibus
806 3391 915 3454 auditis
948 3390 1000 3452 alii
1035 3391 1113 3456 iahri
1142 3397 1176 3452 et

77 3499 211 3561 artifices
247 3497 293 3560 ira
327 3499 470 3560 commoti
506 3499 727 3560 exclamarunt}
775 3488 919 3584 Μεγάλη
958 3488 981 3579 ἦ
1006 3489 1177 3581 ’Ἄρτεμις

75 3599 268 3690 ’Epaoloot
306 3605 416 3672 deinde
445 3602 592 3664 tumultus
615 3609 710 3662 totam
731 3601 839 3661 urbem
861 3601 1011 3683 implerit,
1056 3619 1178 3681 magna·

76 3731 140 3794 que
171 3711 326 3770 hominnm
355 3719 495 3780 caterva,
536 3727 603 3790 quae
630 3707 762 3786 Paulum
790 3708 921 3768 nancisci
950 3725 1012 3767 non
1042 3711 1176 3788 poterat,
1210 3765 1213 3770 Δ
1273 3751 1275 3756 .

76 3819 159 3878 duos
181 3816 246 3876 eius
265 3813 404 3888 comites,
429 3812 576 3876 Cainmde
591 3811 809 3884 Alexandrum,
829 3811 1005 3906 prehendit,
1027 3817 1062 3870 ut
1076 3809 1176 3906 'hosce

75 3923 111 3982 in
142 3919 503 4002 theatrumdednceret.
565 3919 637 3984 dam
666 3915 796 4006 Paulum
820 3917 859 3976 ad
887 3917 1034 4000 populum
1058 3909 1179 3973 dicendi

76 4048 173 4090 eausa
212 4026 405 4110 proditurum
441 4024 584 4108 discipuli
627 4022 835 4095 retinuerunt3
886 4018 1042 4084 Asiarchae
1080 4022 1179 4076 autem

911 4180 929 4234 6
