2862 4708
162 491 165 496 ’
270 497 332 560 quo
351 482 490 556 temporo
511 470 624 534 Psulus
652 471 759 534 llome
784 471 920 553 mptirus
949 469 1121 532 tenebatur.
1163 471 1202 532 ln
1220 471 1361 552 epistolis

271 583 372 655 enim,
403 599 528 663 qum
547 577 643 639 slters
663 577 704 640 sd
723 575 943 650 Golossenrns,
983 576 1078 637 alters
1100 575 1141 636 sd
1162 575 1314 657 Ephesios
1327 577 1358 656 ¹)

271 691 304 750 in
326 705 440 750 cunone
462 681 609 746 librorum
628 683 671 748 N.
693 685 735 746 Τ.
759 683 903 764 inscripta
924 688 984 755 est,
1017 681 1154 744 homiues
1177 682 1303 743 demum
1321 683 1355 742 eb

208 841 211 852 .
273 791 413 876 sportolo
437 791 671 871 impugnentur,
706 790 759 873 qui
778 789 881 850 multis
904 787 1026 872 quidem
1046 789 1078 848 in
1097 789 1192 850 rebus
1213 790 1362 851 Judsist'n

273 899 335 962 illis
359 919 378 958 s
404 894 493 958 nobis
516 904 604 957 untes
625 896 808 958 ndumbrstis
831 893 866 978 (ξ
886 897 922 976 9)
945 879 1090 957 simillimi
1112 895 1231 968 inisse,
1261 917 1363 958 verum

274 1005 307 1068 in
327 1003 394 1066 sliis
417 1002 499 1064 bsod
516 1023 622 1085 psrom
642 1003 680 1064 sb
701 1003 749 1063 bis
772 1001 945 1063 discessisse
971 997 1127 1060 videntur.

367 1109 545 1188 Qooestione
571 1107 646 1182 ills,
687 1115 788 1170 utrum
818 1107 904 1188 origo
933 1105 1069 1166 ecclesie
1100 1105 1299 1167 colossensis
1329 1107 1364 1166 sd

277 1217 408 1280 Psnlum
433 1217 533 1298 ipsum
557 1213 642 1298 (let.
666 1217 721 1288 lo,
740 1217 774 1278 o.
800 1215 854 1288 18,
875 1211 932 1295 28)
961 1233 1000 1272 sn
1019 1212 1059 1273 ud
1079 1211 1252 1294 discipulos
1273 1219 1304 1272 et
1321 1214 1362 1272 is·
1414 1291 1415 1302 ἵ

278 1323 411 1386 milisres
431 1320 496 1402 ejus
520 1320 560 1382 sit
581 1321 752 1394 referende,
781 1320 814 1380 in
832 1317 934 1379 medio
953 1317 1073 1392 relicte,
1102 1318 1284 1402 (quanqum
1302 1337 1356 1398 pro

279 1427 428 1489 sententis
454 1426 617 1507 posteriori
642 1426 736 1487 verbs
762 1425 852 1486 Psnli
879 1423 950 1486 col.
972 1426 1007 1498 2,
1031 1427 1050 1487 l
1074 1425 1176 1488 fucere
1199 1425 1359 1501 ridentur),
1414 1503 1415 1506 Ἴ

280 1533 392 1594 certius
413 1537 545 1592 ststnero
565 1530 651 1605 licet,
672 1529 802 1594 Psnlum
824 1551 881 1612 per
902 1529 1088 1612 llpspbrum,
1117 1529 1219 1590 sirum
1241 1529 1299 1590 sibi
1318 1529 1365 1588 sd·

281 1637 414 1710 diemm,
445 1637 519 1719 qui,
548 1645 640 1719 quom
669 1637 708 1698 de
733 1637 965 1699 Colossensibus
996 1636 1048 1698 rel
1075 1636 1293 1698 convertendis
1322 1633 1366 1696 rel
1400 1673 1403 1684 ·

282 1743 412 1825 emplius
433 1742 595 1804 edocendis
611 1744 642 1808 de
657 1743 867 1805 confirmandis
887 1744 966 1804 bene
981 1743 1106 1804 meritus
1126 1749 1224 1815 esset,
1245 1742 1366 1803 llomsu

283 1871 317 1914 se
340 1848 518 1912 macularet
541 1849 671 1910 raum
690 1849 863 1912 mntem
879 1849 971 1928 (col.
995 1849 1211 1922 1,·1.s,-12.
1238 1849 1365 1910 renen.

284 1957 355 2037 28),
377 1955 538 2018 certiorem
564 1956 675 2016 sectum
702 1975 770 2016 csse
798 1955 837 2016 de
860 1955 968 2016 etrrdiis
989 1955 1143 2016 bominum
1168 1955 1365 2036 quornm,

285 2062 338 2145 qui
357 2061 438 2122 inter
455 2059 654 2122 colossenses
672 2067 824 2143 cetusque
844 2059 1020 2122 cbristisnos
1037 2061 1075 2121 iis
1094 2059 1212 2122 vicinos
1234 2061 1322 2143 (ool.
1338 2062 1364 2131 2,

285 2171 319 2230 1.
341 2168 375 2240 4,
398 2167 442 2229 14
465 2171 551 2249 sqq.)
571 2186 691 2226 errores
709 2167 1090 2248 sporgerentsimplicitsti
1113 2166 1225 2228 divinoe
1250 2185 1361 2246 essupe-

286 2273 322 2334 lii
343 2273 520 2334 contrarios.
546 2271 649 2334 -Ut
668 2271 832 2333 sdremsrii
852 2271 961 2345 Pauli,
997 2271 1049 2354 qui
1071 2272 1151 2332 inter
1171 2271 1304 2333 Galatas
1323 2293 1363 2332 ex·

287 2379 441 2451 stiterunt,
462 2379 651 2440 sutoritstem
673 2377 750 2459 legis
771 2377 913 2439 blosuicae
934 2377 1072 2438 omnibns
1093 2375 1279 2440 Christianis
1303 2399 1366 2439 sen·

287 2504 345 2564 per
368 2484 526 2546 vulibsrsm
546 2484 760 2560 defendebant,
782 2485 824 2544 its
845 2483 914 2546 veni
934 2481 981 2544 illi
1004 2482 1159 2555 doctores,
1182 2485 1297 2566 quibus
1316 2485 1368 2546 Co·

289 2587 470 2648 lossensium
497 2590 634 2650 nonnulli
656 2611 743 2651 sures
762 2590 959 2671 prebebunt,
993 2589 1155 2671 plurimum
1179 2592 1274 2672 pretii
1301 2611 1370 2672 prn-

290 2691 387 2771 ceptis
413 2691 542 2752 leviticis
571 2695 609 2753 de
639 2695 714 2754 cibis
741 2696 826 2776 puris
856 2695 887 2759 dc
909 2696 1056 2778 impuris,
1097 2696 1136 2755 de
1165 2695 1370 2756 observatione

291 2797 408 2860 dicrum
422 2799 568 2860 festorum
588 2797 619 2861 de
640 2820 706 2882 qne
729 2799 776 2861 bis
796 2801 904 2863 similis
921 2809 1034 2874 essent,
1057 2801 1200 2862 tribuisse
1223 2800 1365 2862 ridentur.

134 2887 137 2902 ’
177 2979 179 2982 ,
292 2897 369 2990 (Μή
401 2892 465 2971 οὖν
495 2927 546 2980 τις
573 2899 665 2992 ὑμᾶς
689 2905 824 2991 κρινέτω
847 2911 884 2975 ἐν
905 2900 1070 2994 βρώσειῆ
1093 2911 1130 2972 ἐν
1151 2897 1263 2984 πόσει,
1291 2903 1312 2993 ἢ
1337 2911 1370 2973 ἐν

291 3012 386 3098 μέρει
416 3009 532 3098 ἑορτῆς
560 3007 583 3098 ἦ
613 3011 801 3098 νουμηνίας
828 3008 852 3099 ἧ
881 3007 1064 3101 σαββάτων
1091 3013 1162 3074 (iol.
1185 3015 1296 3087 2,1o,'
1319 3015 1370 3074 cfr·

288 3141 325 3181 r.
347 3121 413 3199 21).
463 3119 578 3182 Verum
600 3126 634 3180 ut
655 3119 748 3180 iidem
767 3118 820 3180 illi·
834 3118 980 3193 bominis,
1011 3139 1102 3204 quum
1123 3121 1164 3180 sd
1183 3120 1306 3201 ingenia
1327 3142 1372 3181 ec·

311 3352 344 3420 1)
362 3353 431 3420 Qus
447 3347 606 3404 recentiore
621 3355 749 3420 temporo
766 3365 784 3405 n
800 3349 868 3410 riris
886 3352 950 3406 cell.
988 3349 1140 3408 DsScbets
1164 3347 1282 3416 (ibent.
1303 3352 1370 3408 δικ

365 3441 416 3500 Κν.
430 3441 449 3496 Ἇ
464 3443 497 3502 Β,
514 3446 533 3500 8
546 3441 583 3500 Η.
600 3441 685 3512 1829)
697 3442 722 3497 dt
733 3443 770 3504 H.
783 3443 879 3498 Solon
892 3445 1033 3513 (isagoge
1049 3443 1113 3501 bist.
1128 3443 1188 3500 crit.
1205 3445 1237 3496 in
1254 3446 1287 3504 11.
1301 3445 1337 3502 Ν,
1347 3441 1370 3499 Ρ.

365 3532 449 3601 188⁰)
475 3535 569 3588 silete
594 3541 660 3589 sont
690 3535 831 3602 rationes,
867 3539 968 3608 quibus
1001 3537 1251 3606 comprobaretur,
1285 3538 1372 3590 litores

364 3624 450 3680 Psuli
469 3627 669 3696 edvllplresios
688 3629 873 3694 colossenses,
898 3630 1094 3684 Philemonem
1108 3629 1188 3681 dotes
1206 3631 1243 3682 ed
1263 3629 1382 3700 captivs-¹

364 3723 453 3772 tutem
465 3717 667 3773 (lesereenscm
685 3737 744 3775 esse
760 3722 933 3788 referendos,
948 3739 985 3773 eae
1001 3738 1050 3774 uos
1065 3701 1246 3773 commovere
1256 3725 1313 3776 n'on
1329 3738 1373 3791 po-

366 3815 469 3876 terent,
488 3815 520 3863 ot
538 3811 705 3866 usententio
722 3815 810 3886 vulgo
828 3815 948 3884 probate
966 3813 1172 3878 recederemus,
1191 3812 1259 3866 illes
1279 3814 1373 3884 epistu-

365 3903 410 3956 les
435 3918 468 3955 eo
492 3907 620 3971 temporo
645 3905 823 3976 consignetss
848 3922 925 3970 osse,
958 3919 1013 3974 qno
1033 3905 1140 3957 Paulos
1161 3903 1191 3957 in
1215 3907 1375 3975 captivitate

365 3995 497 4050 Romano
513 4000 684 4068 remoretur.
728 3999 787 4057 cfr.
806 3997 915 4068 Stcigcr
935 3998 955 4048 t.
977 3998 996 4054 1,
1018 4015 1044 4066 p.
1063 3995 1117 4051 335
1133 3995 1265 4052 Ncoedcr
1289 3999 1333 4056 Pt.
1350 3997 1373 4052 d.

366 4089 412 4146 eb.
433 4089 468 4147 ll.
487 4091 499 4144 l
520 4110 546 4162 p.
565 4085 618 4142 372
630 4087 694 4145 Not.
702 4088 742 4155 1).
