2862 4708
301 299 361 391 9⁴

239 519 294 598 dec
314 519 378 611 τῆς
400 521 543 599 πίςεως,
563 513 750 598 respondere
765 513 885 598 potnit:
909 502 972 600 Μῆ
994 503 1253 602 ρίυοιτυ··υίλλοῖ
1280 506 1343 581 ὐό-

237 655 309 722 μον
328 627 465 715 ίςῶμδν·
1176 655 1180 662 ·

328 737 419 798 llane
439 750 514 793 vero
541 727 764 789 distinctionem
790 725 948 785 instituere
978 741 1016 782 eo
1038 721 1187 782 difficilius
1213 723 1339 784 eratil·
1407 729 1408 740 ¹

238 845 339 907 lorum
360 847 541 920 temporum
538 832 743 904 hominibus,
776 851 837 912 qno
860 827 983 889 arctius
996 827 1192 888 diversissimi
1216 829 1338 910 generis

239 953 391 1032 praecepta
421 943 454 1003 in
480 941 549 1021 lege
578 938 713 1001 Mosaica
732 935 838 1017 juncta
859 939 957 996 erant.
1010 933 1048 994 ln
1075 933 1148 994 bne
1157 935 1238 994 enim
1260 957 1340 1016 pre·
1409 979 1410 982 ,

241 1059 329 1135 cepta
350 1050 388 1110 de
408 1047 526 1108 sincero
548 1046 580 1105 in
597 1044 696 1104 Deum
708 1039 739 1103 dc
751 1040 888 1101 homines
909 1060 1011 1100 amore
1032 1040 1208 1121 praestando
1231 1041 1340 1101 eadem

241 1145 401 1222 autoritate
431 1153 531 1214 divina
555 1149 690 1231 injuncta
716 1151 823 1218 eraut,
858 1167 917 1229 qua
919 1127 1095 1227 praeeepta
1118 1145 1157 1206 de
1181 1147 1340 1206 circumci-

241 1265 340 1338 aione,
362 1262 401 1322 de
421 1255 663 1326 lustrationibus,
696 1253 735 1312 de
759 1251 866 1312 diebus
886 1252 970 1312 testis
991 1250 1022 1313 dc
1045 1273 1112 1334 quse
1132 1251 1180 1311 his
1205 1258 1274 1312 sunt
1295 1251 1338 1311 si·
1411 1267 1412 1272 ¹

240 1371 334 1432 milia.
389 1364 427 1426 ln
456 1363 517 1422 duo
543 1361 636 1440 igitur
658 1357 745 1418 devia
777 1357 872 1417 sibi
862 1357 991 1418 invicem
1022 1355 1172 1418 contraria
1201 1356 1338 1417 homines
1412 1401 1413 1404 ,

242 1469 407 1537 Christiani
429 1466 519 1548 primi
540 1464 598 1524 tevi
626 1463 716 1523 facilc
737 1462 983 1523 deducebantur:
1020 1470 1073 1523 aut
1093 1461 1151 1522 sibi
1174 1462 1339 1543 persuade·

240 1581 327 1650 bant,
348 1571 443 1636 totani
465 1569 565 1650 legem
587 1567 752 1630 hlosaicam
774 1567 826 1629 vel
855 1569 945 1629 etiam
973 1569 1145 1650 diligentius
1166 1589 1264 1650 *quam
1287 1589 1338 1627 an·

241 1693 292 1746 tea
310 1677 529 1744 observandam
550 1693 617 1734 esse
628 1716 650 1746 ,.
673 1673 750 1734 adeo
773 1680 808 1733 ut
832 1673 982 1754 jacturam
1002 1675 1136 1734 lacerent
1156 1671 1224 1754 ejus
1246 1671 1339 1733 liber·

242 1789 333 1862 tatis,
362 1786 395 1846 in
424 1804 513 1867 quam
534 1780 674 1842 Christus
702 1799 755 1839 eos
786 1779 947 1840 restituere
968 1778 1116 1840 voluisset
1137 1777 1224 1860 (Gal.
1248 1779 1283 1851 5,
1306 1779 1335 1839 l.
1415 1776 1416 1830 l

213 1909 219 1926 ¹
248 1893 301 1984 Pp
323 1885 515 1975 ἐλευθερίᾳ,
539 1881 564 1974 ᾔ
588 1878 680 1971 ἡμᾶς
702 1877 833 1970 Χριςός
854 1876 1089 1971 ἠλευθέρωσε,
1113 1875 1256 1970 στήκετε
1282 1883 1336 1948 καὶ
1416 1916 1417 1956 ι

242 1993 294 2085 pori
316 1989 423 2064 πάλιν
445 1990 530 2080 ζυγῷ
553 1987 707 2063 δουλείας
731 1990 922 2076 ἒυίχεσθὼ
958 1997 1010 2050 ant
1033 1989 1188 2051 notionem
1213 1991 1338 2051 liberta·
1417 2059 1418 2084 ¹

243 2104 282 2164 tia
304 2099 475 2162 christianae
498 2097 578 2157 ultra
595 2095 696 2178 justos
719 2093 830 2155 limites
855 2095 896 2155 ita
919 2095 1137 2168 extendebant,
1166 2103 1202 2156 ut
1223 2097 1283 2155 sibi
1304 2117 1337 2155 ea

244 2227 366 2294 quoque
387 2204 534 2306 permissa
555 2221 621 2262 esse
643 2199 873 2274 arbitrarentur,
896 2223 963 2285 quac
984 2210 1084 2262 tamen
1106 2202 1138 2262 in
1161 2201 1337 2262 servitutem
1418 2198 1419 2202 ’

243 2316 385 2378 vitiorum
405 2331 467 2372 non
484 2314 611 2392 possent
631 2326 692 2366 non
706 2306 789 2388 ipsos
813 2307 952 2390 abripere
976 2307 1062 2387 (Cal.
1085 2307 1119 2381 ὅ,
1142 2309 1196 2370 13.
1220 2300 1339 2392 Ὑμεῖς

244 2441 310 2507 γαρ
333 2409 386 2483 ἐπ’
402 2411 600 2535 ἐλευθερίᾳ
598 2403 778 2497 ἐκλήθητε,
801 2403 952 2500 α’δελφοί·
967 2403 1105 2499 advoc!
1108 2405 1141 2498 ιή
1163 2405 1338 2498 enuticu-

243 2520 370 2610 θερίαν
391 2499 623 2601 είςύφορμηυ
645 2514 691 2603 τῇ
713 2517 822 2601 σαρκί.
846 2519 1038 2582 υἰι.1Ρυῑ.
1060 2522 1094 2592 2,
1117 2519 1184 2600 lo).

336 2627 409 2704 Quo
432 2623 541 2684 fortior
567 2621 683 2682 exstitit
706 2623 821 2684 Paulus
843 2624 992 2686 libertatis
1023 2623 1191 2684 christiania
1211 2623 1337 2695 vindex,

245 2754 282 2794 eo
304 2728 470 2794 iacilias”
449 2751 471 2789 ιι
493 2727 646 2810 ριτυυίριιε
674 2727 831 2803 homines,
865 2731 917 2813 qui
945 2731 1016 2791 huie
1044 2729 1196 2812 Apostolo
1227 2729 1338 2790 addicti

244 2843 343 2911 eraut,
367 2836 400 2896 in
420 2835 501 2894 hunc
520 2834 721 2916 posteriorem
743 2855 878 2897 errorem
901 2835 1148 2909 deducebantur,
1170 2836 1336 2917 praescrtim

244 2945 332 3006 iniis
355 2931 492 3012 cetibus,
526 2941 579 3024 qui
600 2939 729 3002 Judaeo·
742 2939 920 3002 Christianis
945 2940 976 3003 ab
999 2941 1337 3001 bunion-Christianis

245 3051 331 3112 mixti
354 3057 452 3111 erant.
508 3047 599 3122 Nam,
620 3055 654 3108 ut
675 3048 722 3122 lit,
744 3046 834 3106 nimia
860 3046 913 3107 illa
936 3047 1101 3120 tenacitas,
1133 3067 1193 3128 qua
1213 3047 1337 3106 ‹ludaeo-

245 3155 409 3216 Christiani
446 3154 634 3237 disciplinam
663 3153 828 3216 Massicum
856 3152 1036 3234 plerumque
1065 3151 1337 3234 amplectebantur,

243 3260 320 3319 adeo
341 3267 376 3320 ut
398 3267 429 3319 et
452 3260 512 3341 ipsi
537 3259 588 3320 vel
618 3258 735 3320 leviora
763 3258 829 3340 ejus
852 3265 1004 3342 praecepta
1030 3256 1258 3338 diligentissime
1283 3257 1336 3316 ob-

244 3361 400 3422 servarent
425 3361 590 3446 eademque
619 3364 657 3424 ab
682 3364 748 3424 aliis
778 3364 916 3425 omnibus
947 3363 1135 3424 observanda
1156 3362 1336 3442 flagitarent,

243 3487 362 3527 necnon
383 3469 552 3548 arrogantia
574 3469 644 3529 iude
669 3469 815 3543 oriunda,
852 3491 911 3553 qua
933 3469 1120 3531 Christianos
1142 3489 1159 3528 e
1181 3468 1337 3550 gentilium

244 3592 370 3633 numero
384 3571 584 3644 offendebant,
608 3573 719 3646 effecit,
735 3583 769 3634 ut
781 3575 813 3634 hi
832 3575 903 3657 ipsi,
924 3576 976 3658 qui
986 3583 1091 3635 autore
1105 3573 1203 3634 Paulo
1217 3573 1336 3632 intolle-

243 3684 363 3750 xerant,
396 3699 485 3760 quam
510 3701 585 3740 vana
609 3686 690 3739 esset
711 3679 765 3741 illa
778 3679 995 3762 judaizantium
1017 3680 1179 3763 superbia,
1208 3679 1244 3738 in
1266 3700 1336 3739 con·

243 3784 350 3844 tracias
381 3803 461 3866 saepe
497 3792 677 3866 raperentur
700 3794 823 3867 partes,
867 3788 944 3849 adeo
972 3795 1007 3848 ut
1037 3787 1088 3848 'vel
1119 3809 1137 3846 a
1165 3785 1337 3846 foedissima

243 3889 297 3950 illa
321 3890 472 3971 cogitandi
496 3891 611 3951 ratione
635 3912 732 3973 prope
756 3895 918 3966 abessent,
955 3916 1045 3976 quam
1068 3877 1176 3974 postea
1200 3886 1338 3951 Gnostici

159 4085 164 4094 μ
244 3996 364 4077 quidam
386 3997 497 4079 aliique
518 3997 601 4057 bisce
617 3998 729 4058 similes
746 4001 983 4081 profitebantur:
1007 3999 1101 4060 licere
1119 3997 1232 4056 homini
1250 3995 1337 4056 Chri·
