2864 4712
297 187 356 274 tu

235 417 388 496 praecepta
411 409 533 472 levitica
551 409 737 484 observavit,
758 410 823 472 baec
841 418 941 472 nmen
957 408 1128 470 baudraro
1147 404 1355 489 negligebat,

236 539 278 580 ne
298 517 440 600 gentiles,
463 517 543 576 iuter
561 537 638 598 quos
657 515 820 598 plurimum
845 518 1037 590 versabatur,
1056 515 1189 576 animum
1213 502 1356 572 iuduce-

236 632 306 687 rent
327 658 371 672 -
393 621 476 704 quod
498 621 667 703 arrogantia
687 622 1072 684 dudeco-Christianorum
1099 621 1272 682 multorum
1308 620 1357 678 fa·

237 731 297 792 elle
316 730 354 788 iis
377 727 505 788 suadere
528 733 649 809 poterat
667 726 700 810 (9
720 728 756 810 9)
775 763 817 777 -
831 749 889 810 per
911 727 1156 790 observationem
1176 727 1260 808 legis
1276 726 1357 788 Ho-

195 861 197 864 ·
238 836 326 896 saicae
353 834 554 916 praestautiam
583 833 732 914 quandem
762 835 944 916 singularem
971 833 1145 894 bominibus
1171 830 1358 913 comparari

239 941 276 1020 (l
300 941 375 1001 Gor.
392 943 425 1002 c.
449 941 504 1010 20,
527 939 582 1000 21.
607 938 679 999 Gal.
694 939 729 1010 4,
751 939 819 1019 12).
866 940 1012 1017 Quamvis
1028 940 1122 1021 igitur
1136 939 1257 1020 reliqui
1273 939 1360 1000 «lesu

239 1045 371 1128 apostoli
395 1065 463 1105 cum
483 1044 585 1105 Paulo
610 1045 642 1104 in
665 1065 702 1106 co
727 1046 945 1117 consentirent,
970 1065 1028 1125 per
1051 1045 1239 1128 obsequium
1261 1065 1360 1105 evan·

241 1151 323 1234 gello
347 1150 462 1212 Christi
480 1151 684 1232 praestandum
704 1150 767 1232 lepi
786 1151 928 1214 Mosaios
948 1150 1040 1232 louge
1062 1151 1174 1212 melius
1193 1149 1359 1221 satisfieri,

239 1278 330 1340 quam
352 1263 387 1316 ut
406 1256 516 1316 ritibus
534 1256 713 1339 quibusdam
737 1256 870 1316 externis
892 1256 1098 1316 inhaerendum
1123 1263 1224 1329 esset,
1261 1255 1298 1342 iu
1321 1254 1360 1314 iis

241 1369 364 1433 tamen,
408 1381 475 1442 qnae
502 1361 541 1421 ad
567 1363 693 1420 externa
715 1359 799 1441 lepis
821 1369 974 1443 praecepta
996 1363 1216 1444 pertinebant,
1270 1381 1362 1421 suam

242 1467 371 1550 quisquc
392 1465 521 1547 ingressi
541 1466 723 1538 enutriam,
745 1465 858 1548 qnippe
883 1467 935 1548 qui
955 1466 1021 1528 haec
1041 1468 1141 1528 omnia
1162 1467 1296 1527 nonnisi
1321 1465 1361 1524 ad

193 1619 195 1626 ,
243 1570 380 1651 regulam
401 1570 573 1652 prudentiae
598 1570 842 1633 &humanitatis
865 1575 1028 1634 referrent.
1076 1572 1121 1634 At
1143 1572 1206 1632 bac
1228 1591 1361 1654 qnoque

243 1677 276 1737 in
299 1696 334 1736 re
353 1675 468 1736 Paulus
489 1675 651 1756 prudentia
675 1676 705 1738 de
724 1677 813 1738 animi
843 1679 1020 1740 fortitudine
1048 1678 1130 1740 inter
1159 1698 1275 1739 omnes
1306 1697 1363 1740 ex·

244 1779 362 1842 celluit.
410 1779 573 1858 Rationem
594 1783 674 1842 euim
688 1781 784 1855 illam,
809 1805 868 1865 qna
886 1785 997 1868 reliqui
1012 1785 1091 1846 «lesu
1109 1783 1251 1866 apostoli
1273 1791 1361 1844 tran·

243 1886 389 1970 quillitati
406 1885 437 1948 de
452 1887 623 1947 concordien
638 1888 766 1946 civitatis
789 1887 958 1950 christiane
981 1891 1094 1972 optime
1117 1889 1244 1950 consuli
1265 1907 1365 1970 posse

239 1989 435 2071 judicarent,
472 1991 544 2051 buic
574 1991 702 2052 consilio
731 1994 921 2074 assequendo
948 2016 1055 2076 parnm
1078 1995 1228 2056 idoneam
1248 1993 1362 2064 luisse,

245 2116 285 2155 ex
308 2095 359 2167 iis,
385 2116 453 2177 quae
476 2103 583 2176 postca
607 2096 788 2176 disputaturi
802 2120 917 2186 sumus,
932 2101 1076 2162 elucebit.
1094 2111 1099 2126 ¹
1121 2099 1244 2161 Paulus
1271 2119 1362 2170 vero,

131 2267 139 2284 ἱ
246 2221 340 2285 quum
363 2199 451 2261 dictis
473 2201 622 2284 factisque
645 2201 774 2281 ingenue
796 2202 826 2265 de
848 2213 952 2286 aperte
976 2208 1124 2279 doceret,
1157 2204 1363 2264 autoritatem

245 2305 414 2386 disciplinas
433 2305 576 2368 Mosaicae
601 2327 641 2366 ne
662 2306 970 2372 dudeco-(ibristianis
1001 2312 1125 2395 quidem
1146 2310 1289 2391 amplius
1312 2330 1363 2369 va·

245 2410 325 2480 lere,
349 2410 539 2489 gravissimas
557 2411 682 2492 quidem
702 2411 788 2472 initio
806 2415 948 2476 excitavit
964 2418 1082 2492 turbas,
1102 2415 1159 2478 sed
1179 2422 1280 2477 autor
1298 2423 1363 2476 tau·

247 2514 319 2574 dem
340 2513 457 2572 exstitit
482 2515 566 2595 pacis
589 2513 621 2577 ds
642 2516 831 2591 concordiae,
861 2539 927 2602 qnos
951 2523 1016 2586 sola
1038 2523 1154 2587 civitati
1176 2522 1362 2586 chr-tatiane

247 2639 377 2704 prorsus
399 2618 594 2683 conduceret.
930 2608 933 2614 ⁵

624 2809 966 2846 ·“···········----ι

339 2931 401 2998 His
424 2934 462 2996 de
484 2916 576 2997 rebus
601 2935 693 3005 Pauli
712 2938 744 3000 in
765 2941 939 3025 unirersum
960 2939 1141 3024 disputetis,
1168 2939 1299 3024 propius
1321 2940 1366 3000 ad

249 3041 491 3126 disquisitionem
511 3042 601 3104 nobis
621 3037 809 3124 propositam
823 3045 862 3106 de
878 3047 1008 3120 ratione,
1031 3069 1099 3130 quae
1120 3049 1195 3110 huic
1217 3047 1366 3129 apostolo

250 3171 320 3210 cum
340 3148 521 3209 adversariis
545 3148 641 3229 ipsius
665 3149 891 3222 intercesserit,
932 3151 1148 3212 instituendam
1173 3157 1365 3224 accedimns.

248 3252 428 3315 Adversarii
448 3252 539 3310 Pauli
559 3252 704 3332 Apostoli
726 3275 830 3316 omnes
852 3255 875 3315 ii
895 3255 1032 3316 homines
1057 3259 1258 3320 existimandi
1281 3271 1363 3335 sunt,

251 3355 306 3438 qui
329 3353 409 3412 votis
431 3351 462 3412 de
487 3355 620 3413 consiliis
644 3355 736 3435 ejus,
772 3365 933 3441 postquam
962 3381 1071 3420 munus
1103 3363 1247 3426 doctoris
1276 3367 1365 3430 Chri·

250 3457 343 3518 atiani
364 3463 553 3536 susceperat,
576 3457 748 3532 obstabant,
766 3461 833 3548 ¹qui
856 3463 907 3524 vel
929 3467 1069 3528 consulto
1092 3465 1125 3528 de
1147 3467 1188 3529 de
1210 3471 1366 3534 industria

249 3561 307 3640 vel
324 3559 412 3620 inviti
435 3557 467 3620 de
487 3559 575 3618 inscii
595 3547 818 3642 impediebant,
862 3571 1022 3649 quominus
1049 3573 1152 3634 studia
1181 3574 1256 3656 ejus
1296 3580 1366 3643 loeto
1430 3631 1431 3648 ,

251 3657 465 3748 prosperoque
484 3671 643 3724 uterentur
663 3687 825 3744 successu,
865 3673 917 3754 qui
946 3673 1117 3738 doctrinam
1141 3679 1212 3761 ejus
1235 3686 1293 3746 vel
1315 3708 1367 3770 op·

174 3775 186 3786 '
252 3769 429 3852 pugnabant
449 3767 501 3828 vel
521 3769 747 3870 pervertebant,
770 3775 821 3856 qui
840 3775 970 3859 denique
991 3787 1115 3843 autores
1138 3792 1232 3849 erant
1257 3791 1368 3859 odiide

252 3871 434 3952 suspicionis
456 3877 562 3933 contra
580 3871 678 3952 ipsum
698 3885 807 3951 motta,
830 3880 927 3940 donec
948 3882 1085 3948 tandem
1097 3899 1231 3952 cruento
1256 3904 1368 3978 marty-

253 3978 296 4040 ris
326 3976 477 4059 supplicio
503 3976 595 4037 rebus
620 3977 753 4044 humanis
774 3983 949 4071 insidiisque
973 4000 1213 4073 persecutorum
1247 4000 1367 4064 demtus
