2862 4708
1031 262 1109 348 161

70 503 147 544 nam
169 483 209 543 de
232 478 456 542 resurrectione
477 483 665 540 monueram
687 473 913 565 peoddsvpde
934 479 1070 562 quanm
1088 475 1178 568 yad-

71 611 156 663 σις,
188 606 277 668 quam
307 582 446 644 nonnulli
476 581 716 652 Christianorum
751 583 927 670 jactabnnt,
963 584 1022 646 alia
1055 605 1177 669 quoque

68 691 181 772 capita
201 690 396 752 institutionis
425 686 606 769 evangelicae
636 708 832 770 corrumpere
862 697 894 752 et
923 689 1081 752 arbitraria
1106 711 1177 752 con·

69 798 211 860 formare
234 796 383 871 audebat;
414 794 447 856 id
467 793 551 876 quod
566 801 721 892 sequente
742 796 930 878 paragrapho
948 796 1117 888 accuratius
1139 795 1177 858 il·

71 901 289 972 lustrabimus·

574 1015 731 1118 §12v

74 1167 76 1174 '
195 1137 539 1228 Pscaoooocsom
561 1161 804 1219 colossenses
823 1159 858 1232 d·
875 1163 1067 1232 mereatur

460 1263 817 1337 mystico-asceseos.
880 1281 886 1292 ·

171 1393 350 1484 Audivimus
368 1389 445 1472 jam,
468 1397 612 1472 quantum
629 1389 759 1472 periculi
781 1390 895 1452 civitati
918 1377 1088 1452 christiana
1108 1391 1179 1452 inde

81 1506 187 1561 ortum
209 1500 260 1570 sit,
296 1497 380 1580 quod
400 1495 537 1556 homines
566 1496 686 1578 placitis
707 1483 930 1557 Pharisaeorum
953 1495 1066 1556 addicti
1091 1517 1181 1558 euan-

81 1603 198 1684 gelium
212 1601 328 1661 Christi
348 1600 390 1659 ita
412 1600 580 1673 traderent,
604 1609 639 1660 ut
660 1621 758 1682 prope
777 1601 918 1674 abesset,
953 1601 1026 1682 quia
1048 1601 1181 1661 studium

82 1727 215 1788 operum
237 1704 359 1786 pietatis
383 1710 577 1763 externorum
599 1723 703 1764 veram
733 1705 823 1764 fidem
851 1704 1090 1786 religionemque
1120 1706 1181 1766 ain«
1275 1749 1277 1755 ,

80 1833 185 1874 ceram
215 1811 248 1872 in
279 1807 385 1869 animis
413 1805 654 1867 Christianorum
687 1827 813 1888 prorsus
842 1809 1045 1890 supprimeret
1075 1807 1179 1890 (ἕῦ).

76 1899 147 1994 Qui
169 1936 244 1977 vero
266 1914 309 1974 ibi
331 1913 487 1973 obtinebat
508 1932 614 1984 error,
645 1912 782 1980 homines
808 1933 865 1996 per
888 1913 966 1974 facta
989 1919 1117 1973 externa
1138 1913 1180 1974 ia·

77 2042 189 2084 vorem
209 2020 270 2081 Dei
290 2019 401 2078 mereri
421 2035 526 2099 posse,
549 2017 631 2078 idem
655 2018 722 2078 aliis
744 2038 865 2102 qnoque
889 2018 960 2090 viis,
992 2017 1065 2078 licet
1086 2018 1181 2098 magis

78 2126 217 2198 occulte,
250 2126 282 2184 in
304 2123 463 2184 ecelesiam
486 2121 687 2182 Christianam
717 2123 876 2203 paullatim
906 2123 1044 2204 irrepsit.
1103 2122 1182 2184 Nam

78 2254 177 2316 quum
201 2229 278 2291 falsa
307 2229 373 2289 haec
412 2227 514 2308 opinio
546 2227 761 2308 cupiditatibus
799 2227 954 2288 hominum
986 2226 1181 2288 clandestinis

80 2357 238 2418 nunquam
259 2353 321 2396 uon
342 2331 551 2404 blandiretur,
589 2352 625 2392 ea
647 2351 721 2420 vero
739 2332 870 2414 species,
909 2352 997 2414 quam
1020 2332 1099 2410 inter
1122 2331 1182 2392 Pa·

80 2439 272 2503 laestinenses
297 2438 391 2520 vulgo
414 2457 481 2519 pree
513 2457 547 2496 se
571 2438 709 2511 serebat,
754 2458 793 2532 ne
823 2437 871 2498 his
893 2437 1016 2521 quidem
1041 2437 1180 2498 omnibus

85 2525 297 2616 satisfaceret,
340 2564 403 2604 non
424 2543 533 2603 mirum
555 2550 624 2618 est,
672 2543 798 2604 eandem
827 2563 1004 2624 perversam
1034 2544 1182 2605 rationem

83 2651 154 2713 aliis
172 2649 291 2721 formis,
325 2669 391 2732 quae
413 2649 539 2730 ingeniis
563 2649 719 2710 hominum
739 2648 910 2732 praesertim
931 2657 1018 2710 extra
1041 2648 1182 2714 Palaesti·

85 2777 157 2817 nam
191 2753 364 2836 degentium
394 2755 488 2836 magis
529 2753 706 2836 placerent,
765 2762 901 2816 ornatam
939 2753 1182 2834 celebratamque

84 2862 192 2924 fuisse.
241 2859 323 2940 Ipsae
345 2857 409 2920 illae
428 2859 665 2932 vicissitudines,
705 2880 779 2941 quas
803 2859 942 2918 doctrina
964 2877 1000 2918 ao
1024 2856 1183 2936 disciplina

86 2963 269 3028 «ludaeorum
281 2961 394 3042 passim
408 2963 555 3034 subierat,
576 2961 647 3022 huic
663 2963 763 3022 studio
785 2960 1015 3020 succurrebant.

178 3068 319 3138 Constat,
346 3063 411 3146 jam
432 3065 516 3146 ipsos
541 3065 695 3137 Essenos,
741 3064 794 3146 qui
824 3071 923 3126 brnen
946 3062 1090 3124 exercitia
1117 3064 1182 3146 pie·

85 3174 158 3237 tatis
187 3193 303 3233 arana
324 3169 513 3234 simulatione
536 3177 577 3236 et¹
590 3169 692 3252 specie
716 3175 844 3232 externa
866 3168 906 3228 ad
936 3169 1087 3228 internum
1117 3170 1182 3250 pie-

87 3277 158 3340 tatis
185 3273 367 3360 virtutisque
407 3275 539 3336 studium
575 3274 713 3336 revocari
749 3272 913 3356 juberent,
959 3273 1182 3358 philosophiam

89 3383 239 3468 quandam
263 3381 315 3443 vel
342 3382 454 3443 rectius
483 3379 692 3462 theosophiam
723 3378 875 3451 coluisse,
919 3377 1005 3458 cujus
1028 3382 1182 3464 praecipua

88 3511 159 3574 pars
186 3489 219 3548 in
247 3486 413 3568 allegorica
452 3485 580 3568 quadam
607 3465 757 3550 librorum
793 3505 946 3546 sacrorum
979 3485 1181 3568 explicatione

91 3591 288 3679 (φιλοσοφία
325 3590 380 3658 deo*
418 3589 620 3678 συμβολῶν,
662 3591 789 3667 Philo),
835 3591 867 3651 iu
897 3590 1105 3672 disquisitione
1142 3591 1181 3651 de

90 3709 209 3773 natura,
233 3699 365 3781 origine,
391 3697 562 3758 nominihus
585 3696 742 3780 geniorum
763 3695 949 3769 celestium,
982 3697 1014 3756 in
1035 3696 1187 3763 severiori,

91 3807 221 3888 denique
260 3801 419 3887 disciplina
454 3801 583 3864 ascetioa
618 3807 809 3874 versaretur,
860 3800 940 3869 uude
980 3803 1091 3864 iactum
1129 3799 1181 3871 sit,

89 3917 320 3938 ffl-

162 3939 267 4018 crroris
285 3963 450 4022 convincere
473 3968 557 4034 atqua
580 3962 617 4018 ad
643 3962 792 4020 meliorem
818 3959 1029 4034 persuasionem
1047 3957 1184 4012 reducere

160 4053 295 4110 studeret.

916 4201 948 4254 11
