2862 4708
1022 291 1102 400 147

8 517 14 532 ’
72 507 214 598 φητοίοο
243 500 295 596 μή
329 511 530 586 &lenimine
560 500 966 598 concescessione·
996 509 1035 582 τό
1061 514 1167 589 eolis

72 616 239 703 acccipere·
261 617 294 693 (1
314 615 426 676 Thess.
448 615 483 688 o,
504 617 561 692 21)
578 616 619 698 ¹).

164 721 257 799 Quod
277 740 351 782 vero
374 721 488 782 Psnlus
509 719 638 802 epistole
659 719 697 780 ecl
721 720 1008 787 Thessalonicenses
1033 730 1166 790 conseri·

71 827 174 888 benda
203 827 321 890 elh'core
350 827 526 898 studuerat,
560 846 623 886 uon
644 825 766 888 omnino
787 836 898 890 eventu
920 839 967 892 est
988 834 1167 914 comproha-

71 939 149 994 tum.
199 931 347 1005 solatium
368 933 489 1014 quidem
509 933 546 994 iis
568 930 732 1004 attulerat,
770 933 823 1014 qui
844 932 882 996 sle
903 943 986 998 sorte
1008 937 1165 1000 detuncto-

71 1059 142 1098 rum
163 1037 287 1098 solliciti
306 1045 411 1112 erant,
446 1038 502 1098 sed
523 1036 697 1108 desiderio,
730 1057 791 1118 qno
813 1037 952 1121 plerique
973 1043 1166 1117 tenebantur,

70 1143 218 1224 temporis
241 1144 388 1206 adventus
409 1143 533 1204 llomini
562 1147 701 1204 accurate
723 1144 945 1222 cognoscendi,
978 1146 1058 1208 hond
1081 1149 1168 1209 sctis·

71 1248 199 1310 feceret.
254 1249 370 1310 Paulus
390 1249 470 1308 enim
493 1248 526 1308 id
552 1246 689 1328 inprimis
714 1245 914 1328 efferasset,
954 1251 1066 1312 omisso
1087 1252 1180 1314 omni=

71 1361 158 1415 certo
180 1356 326 1436 temporis
355 1361 529 1428 momento,
565 1373 626 1436 quo
653 1353 769 1414 reditus
800 1354 915 1416 Christi
945 1357 1167 1437 exspectandus

70 1467 177 1533 esset,
207 1461 285 1520 hunc
305 1461 561 1544 exspectationem
590 1460 632 1520 ita
661 1459 693 1519 in
714 1479 800 1520 usum
823 1465 1026 1532 converteret,
1060 1469 1094 1522 ut
1115 1481 1167 1522 co-

73 1564 296 1624 hortationibus
328 1567 389 1625 suis
412 1567 451 1626 ed
477 1565 568 1627 vitam
588 1565 638 1646 pie
663 1563 694 1626 eie
714 1565 877 1646 tranquille
902 1567 1167 1648 agendamioser·
1240 1579 1244 1586 ’

75 1666 168 1728 viret.
216 1665 351 1739 Verum,
386 1676 422 1727 ut
443 1670 497 1740 lit,
528 1669 665 1728 homines
688 1689 749 1726 non
778 1677 840 1728 tum
862 1669 901 1728 ecl
924 1669 1071 1730 sulutores
1098 1672 1168 1732 illas
1225 1645 1233 1652 Ι

75 1770 295 1832 admonitiones
316 1771 446 1832 smmum
466 1771 675 1842 advertebant,
698 1793 787 1852 quem
804 1772 909 1846 ad-is,
932 1775 1015 1855 quosl
1034 1775 1167 1856 Aposto⁴

73 1876 125 1936 lus
148 1877 180 1938 in
200 1877 330 1958 epistole
352 1899 406 1938 sna
427 1877 556 1938 suhitam
578 1874 660 1934 illius
682 1882 807 1936 eventus
830 1876 1047 1958 apparitionem
1068 1879 1168 1944 denuo

72 1982 279 2054 inculcasset3
312 1983 400 2046 multi
417 1983 510 2064 igitur
530 1980 601 2040 hinc
622 1981 810 2044 occasionem
831 1981 975 2062 pelehant
992 2003 1030 2046 eo
1053 1985 1170 2046 stadio·
1277 2033 1279 2040 .

71 2088 136 2148 sins
160 2087 192 2147 iu
221 2089 320 2170 ipsum
350 2087 495 2168 temporis
525 2092 708 2148 momentum
737 2086 931 2168 inquirendi,
972 2109 1033 2171 quo
1065 2109 1169 2154 rerum

72 2193 253 2253 universitas
283 2213 406 2273 gravem
433 2191 517 2252 illam
540 2192 775 2252 immutationem
798 2192 934 2252 subitura
954 2202 1046 2254 esset.
1106 2195 1170 2256 Ex-

74 2298 216 2359 stiternnt
240 2297 396 2369 homines,¹
414 2297 523 2378 quihus
548 2296 836 2358 Thessalonicenses
862 2297 965 2358 inciles
991 2297 1169 2380 prebebant

72 2425 176 2479 aures,
200 2395 293 2487 quum
316 2401 516 2463 revelationes
539 2403 597 2462 sihi
628 2401 770 2464 divinitus
794 2402 956 2484 contigisse
971 2403 1168 2486 perhiberent

74 2503 147 2589 (sled
169 2501 366 2594 aestimasne
393 2503 548 2570 2Thess.
573 2506 680 2594 2,,2),
711 2507 820 2590 quihus
844 2509 1072 2572 confirmaretur
1099 2510 1166 2572 vul-

73 2617 154 2699 garis
175 2615 278 2697 opinio
298 2614 337 2678 de
358 2611 505 2698 srcpeoie
530 2613 644 2676 Christi
667 2611 791 2694 jamjam
814 2613 997 2696 appetitore.
1044 2614 1107 2676 Alii
1128 2615 1168 2677 sel

72 2722 265 2782 autoritate·
286 2720 381 2802 ipsius
405 2718 494 2806 Pauli
521 2726 721 2800 provocantes
750 2719 843 2780 vcrlm
871 2719 957 2800 ejus,
990 2741 1058 2803 qne
1078 2719 1165 2794 olim,

73 2847 167 2910 qnnm
186 2827 267 2886 inter
286 2825 573 2888 Thessalonicenses
597 2832 782 2896 versaretur,
812 2826 939 2896 iecerat,
973 2825 1052 2884 male
1073 2825 1166 2884 inter-

70 2933 289 3016 pretubanlnr,
326 2931 402 2991 adeo
416 2937 460 2989 'ul
482 2951 603 2989 sensum
629 2929 666 2986 iis
695 2925 880 3004 subjicerent
908 2947 926 2984 a
948 2926 1039 2984 Pauli
1065 2934 1167 2986 monte

72 3039 218 3112 cliencm,
241 3035 391 3100 antdicte
411 3034 607 3116 proferebant
624 3039 766 3112 tunquam
786 3028 824 3088 uh
845 3027 996 3110 Apostolo
1017 3029 1167 3108 prolecta,

72 3146 148 3206 licei
177 3145 207 3204 ei
235 3143 331 3203 afficta
359 3138 390 3206 tle
420 3137 575 3220 supposita
605 3142 706 3195 essent
737 3125 807 3210 (sicci
831 3127 912 3220 λόγοι
933 3132 957 3195 l.
984 3135 1041 3210 c.).
1104 3132 1167 3196 Alii
1240 3143 1242 3158 ‘

73 3251 205 3330 denique
238 3245 397 3329 epistolem
426 3240 675 3304 circumferebant
704 3247 846 3322 tanquam
869 3235 907 3298 ah
930 3237 1070 3320 apostolo
1093 3259 1165 3300 con·

73 3357 239 3437 scriptam,
272 3373 331 3434 qna
353 3350 459 3412 itidem
480 3348 681 3430 probaretur,
712 3345 849 3426 proxime
866 3343 929 3424 jam
951 3343 1064 3406 iustsrc
1085 3345 1164 3409 diem

73 3460 198 3523 Domini
219 3449 277 3536 (δι’
299 3453 457 3539 torsellis
476 3453 501 3513 l·
523 3455 568 3532 c.)
599 3455 627 3528 ).
683 3450 754 3513 Non
777 3456 836 3524 est,
859 3449 943 3533 qood
962 3449 1030 3514 hsce
1051 3453 1163 3526 studia,

87 3646 121 3713 1)
141 3629 283 3707 Noenum,
302 3640 355 3709 Ap.
374 3637 409 3694 (i.
421 3633 444 3692 '1
462 3655 491 3708 p.
509 3635 572 3691 26⁰.

90 3735 123 3802 2)
143 3735 238 3789 Verhs
252 3731 337 3792 l'suli
355 3729 374 3783 2
390 3730 492 3786 Thess.
513 3727 541 3795 2,
561 3725 663 3784 hm..
684 3721 752 3797 μὴδτ
772 3726 921 3802 θροεῖσθαι
938 3723 1007 3798 μήτε
1023 3724 1069 3783 διο
1085 3724 1163 3782 nessi-
1236 3787 1238 3791 v

145 3845 238 3897 pesce,
255 3822 323 3894 prise
342 3819 386 3878 tsi
405 3817 479 3894 lips,
496 3817 566 3892 μὴττ
587 3813 623 3874 δι’
640 3814 761 3887 inmollis
783 3813 817 3872 cis
833 3814 868 3872 δι’
884 3812 969 3888 ipsis,
998 3813 1032 3876 oie
1049 3811 1091 3874 lies
1107 3815 1161 3868 ἐνέ-

146 3937 223 3988 enm
238 3913 255 3984 ἢ
265 3905 391 3990 ἧμιροτῖο
401 3916 482 3982 sepis.
498 3913 534 3981 (s.
546 3903 689 3987 r's‘qusi)
702 3908 753 3964 elii
771 3908 856 3962 eliter
874 3911 1023 3980 explicent.
1054 3906 1163 3958 lirense

144 4011 181 4063 ele
198 4005 339 4062 vaticiniis
357 4008 392 4059 V.
408 4007 444 4059 T.
463 4007 540 4060 melo
559 4001 723 4066 intellectis3·
745 4000 926 4054 Noisselt·(le
943 3998 1066 4054 oraculis
1079 3995 1163 4050 clit-

145 4100 183 4155 sli
201 4097 305 4154 Mettlr.
325 4095 370 4161 21,
387 4095 423 4152 29
441 4113 501 4167 sqq.
518 4093 543 4148 ht
562 4093 633 4150 locis
650 4093 765 4164 perull„
784 4091 885 4164 quihus
903 4089 1048 4161 prophete
1068 4088 1164 4155 plnres

882 4233 933 4292 10*
