2864 4712
349 327 442 417 st·

286 551 546 624 snimadvertere,
580 547 709 612 Paulum
738 563 860 630 semper
884 565 1009 630 operam
1033 544 1174 621 dedisse,
1211 553 1250 608 nt
1279 568 1388 612 noran

287 661 454 723 doctrinam
474 656 553 717 veris
568 655 629 716 illis
644 655 801 715 sententiis
817 660 849 713 11
863 653 997 736 placitis,
1017 675 1100 736 quse,
1122 653 1207 714 licet.
1221 654 1347 716 inscitia
1361 665 1390 716 et

285 764 499 850 superstitione
523 763 643 834 fucata,
677 761 709 821 in
739 760 937 841 religionibus
958 761 1116 841 gentilium
1139 761 1274 820 obscure
1294 762 1389 820 conti·

286 879 444 943 nerentur,
468 874 663 940 auncetcrc13
687 866 720 927 id
740 865 833 947 igitur
854 886 924 924 eum
941 865 1119 938 laborasse,
1148 871 1184 924 nt
1204 865 1387 926 celsissimos

286 977 356 1040 illas
388 975 500 1057 ubique
532 994 651 1056 sparsas
674 971 759 1034 ideas
786 970 824 1030 de
853 970 974 1031 numine
1002 969 1385 1054 divinohunmnnrumque

289 1090 321 1148 11
343 1081 533 1142 terrestrium
560 1099 663 1140 rerum
691 1077 913 1160 dependentis,
946 1077 984 1136 ab
1014 1075 1169 1135 erroribus
1190 1076 1385 1158 polytheismi

287 1189 443 1250 liberaret.
495 1187 578 1246 Hine
606 1207 625 1246 ι
647 1183 746 1246 Paulo
775 1181 933 1243 exordium
955 1188 988 1242 ct
1009 1180 1214 1262 gravissimam
1239 1182 1386 1262 praedica·

287 1295 379 1356 tionis
401 1292 555 1354 materiam
580 1297 729 1372 sumptum
752 1309 819 1349 esse
831 1325 842 1361 ,
885 1287 1124 1370 quotiescunque
1148 1286 1234 1346 solos
1258 1285 1386 1367 gentiles

287 1399 509 1480 alloqueretur,
532 1417 570 1454 ex
589 1393 705 1454 duobus
721 1393 782 1453 illis
800 1392 986 1454 orationibus
1007 1391 1158 1464 videmus,
1182 1413 1252 1474 quse
1269 1393 1386 1474 hystrae

288 1509 320 1574 11
341 1488 467 1566 adenis
489 1501 557 1584 (14,
580 1501 621 1563 17
639 1520 705 1582 seq.
722 1502 776 1572 17,
797 1501 839 1561 28
853 1495 936 1580 seq.)
956 1497 1066 1557 habite
1083 1503 1168 1558 sunt.
1215 1499 1385 1592 Quantum-

286 1609 333 1670 vis
355 1607 434 1666 euim
456 1607 495 1666 de
519 1606 654 1666 cretione
675 1603 855 1666 Atheniensi
877 1593 1030 1689 (α’γνῶςῳ
1053 1601 1125 1688 θεῷ
1147 1625 1179 1664 v.
1202 1604 1258 1685 23)
1279 1604 1385 1687 dispu.

287 1719 382 1774 tatum
403 1711 498 1793 1111),
522 1711 554 1772 id
576 1718 676 1772 tamen
697 1717 784 1770 extro
806 1729 895 1768 omne
917 1716 963 1768 est
984 1707 1121 1780 dubium,
1144 1707 1292 1782 Paulum,
1322 1729 1384 1793 qve

286 1821 319 1882 iu
340 1817 487 1898 religione
507 1816 683 1877 Graecorum
704 1813 838 1886 veritatis
868 1814 1037 1874 rudimenta
1060 1814 1230 1887 invenerit,
1262 1815 1302 1876 iis
1324 1823 1383 1876 tan·

289 1945 377 2007 qvam
398 1923 591 1982 fundamento
612 1921 807 1981 institutionis
823 1941 911 1979 usum
928 1920 1033 1979 fnisse.
1078 1920 1199 1996 Quanta
1221 1941 1298 1980 vero
1317 1943 1386 2002 prof

288 2027 390 2088 dentis
417 2026 549 2107 apostoli
577 2025 608 2086 iu
638 2025 827 2086 sermonibus
858 2025 897 2084 sd
929 2026 1028 2086 vanos
1057 2022 1243 2086 audientium
1270 2027 1382 2086 animos

287 2131 511 2216 temperandis!
551 2131 651 2208 Quam
673 2131 773 2191 differt
787 2130 839 2190 illa
860 2130 891 2189 in
912 2131 992 2190 colle
1009 2129 1121 2193 Martio
1143 2132 1242 2192 oratic
1262 2133 1302 2193 nb
1325 2155 1384 2194 on·

196 2313 201 2322 ,
287 2241 397 2314 uibus,
428 2259 502 2322 quas
527 2237 559 2298 in
582 2237 741 2320 synagogis
761 2235 940 2298 Judeeorum
960 2236 1083 2296 habuit!
1117 2237 1157 2298 ad
1178 2237 1385 2300 liberaliorem

289 2347 369 2406 enirn
393 2335 1386 2424 (1111111111111111111111111111οιιιρο111ι.-Ἰ]1Ριιι·
1430 2407 1431 2452 p

287 2449 337 2512 lus
349 2491 359 2523 ,
389 2449 509 2530 quondo
533 2467 601 2506 cum
623 2447 739 2508 Jndaeis
762 2448 837 2529 egit,
860 2449 1016 2540 1111111111
1038 2468 1144 2508 eorum
1165 2471 1325 2533 nunquam
1346 2453 1383 2512 its
1429 2465 1430 2530 1

287 2553 413 2626 restitit,
442 2559 477 2614 ut
498 2551 612 2612 nmmos
635 2572 739 2613 eorum
760 2561 874 2614 temere
899 2531 1095 2614 exacerbaret
1117 2559 1162 2636 (p
1184 2554 1429 2636 115),1111ιι-1

287 2668 337 2722 ter
357 2659 486 2742 gentiles
510 2679 634 2720 versans
657 2659 791 2740 martyrii
815 2659 942 2740 gloriam
965 2681 1116 2742 uunquam
1135 2660 1251 2723 ultro
1241 2683 1312 2742 ipse
1334 2685 1383 2745 op·

287 2763 1382 2849 1111111,ιι111111111111111111111111111111111111,1111111111·
1425 2835 1426 2844 χ

179 2857 228 2878 ”
289 2871 362 2934 sitas
388 2878 421 2932 et
443 2871 595 2944 officium,
637 2878 671 2931 ut
691 2871 797 2951 eapitis
817 2869 987 2952 periculum
1010 2871 1128 2945 odiret,
1168 2870 1425 2952 flagitaverint*

289 2979 392 3058 Quum
416 2977 521 3061 Lysias
545 2997 634 3050 eum,
674 2983 833 3057 antequam
852 2998 870 3035 a
889 2975 988 3036 indice
1009 2977 1263 3058 interrogaretur,
1293 2980 1382 3060 virgis

288 3085 366 3148 endi
379 3085 529 3156 iussisset,
553 3069 667 3142 Paulus
684 3081 716 3142 id
731 3081 900 3163 impedivit,
921 3081 1092 3155 declarans,
1108 3103 1141 3142 se
1156 3082 1255 3143 civem
1271 3083 1382 3146 Roma-
1421 3139 1422 3161 g

287 3210 360 3250 num
382 3211 462 3263 esse,
481 3190 548 3266 (22,
560 3189 629 3265 25).
680 3187 799 3262 Quodsi
813 3187 969 3284 queritur,
992 3208 1046 3248 our
1067 3209 1129 3248 non
1151 3188 1259 3248 eadem
1273 3189 1381 3270 agendi
1418 3241 1420 3317 p

287 3293 403 3364 ratione
428 3293 580 3374 Philippis
602 3300 761 3364 uteretur,
801 3291 854 3352 ubi
876 3279 1065 3373 magistratus
1089 3292 1226 3353 eontra
1210 3315 1265 3374 gns
1285 3293 1318 3356 «t
1343 3297 1382 3356 fas

287 3397 418 3458 Paulum
440 3396 594 3480 Silsmque
619 3397 711 3478 virgis
733 3395 884 3460 11111111
907 3418 1058 3457 carcerem
1077 3397 1277 3478 conjicerent,
1307 3400 1381 3458 ratio

212 3529 218 3539 ·
286 3501 357 3560 inde
376 3503 547 3582 repetenda
566 3523 633 3572 esse
655 3503 789 3575 videtur,
819 3503 902 3586 quod
923 3502 1037 3564 Paulus
1060 3503 1225 3575 intellexit,
1246 3504 1380 3564 in'tnnto

171 3605 186 3614 '
285 3605 417 3666 tumultu
441 3627 549 3668 vocem
566 3629 652 3676 susm
672 3608 809 3669 exaudiri
822 3628 890 3669 non
908 3628 1018 3689 posse;
1059 3629 1188 3690 poenam
1209 3609 1307 3689 igitur
1329 3609 1381 3670 sibi

285 3712 429 3772 indictum
452 3733 541 3795 seque
561 3714 659 3775 auimo
682 3735 789 3798 pessus
813 3722 879 3788 1111
914 3714 1061 3796 postridie
1084 3722 1198 3787 sutem,
1222 3723 1380 3799 postquam
1413 3702 1414 3707 ἵ

285 3819 374 3878 enimi
402 3819 511 3879 sedati*
532 3827 601 3879 sunt
622 3827 653 3879 et
682 3823 872 3902 magistratus
894 3821 953 3902 ipsi
976 3841 1008 3880 sc
1035 3820 1265 3901 praecipitanter
1287 3823 1379 3903 egisse

204 3942 214 4004 J
283 3923 519 3997 intellexerunt,
541 3925 579 3986 sd
593 3925 743 3988 civitatem
764 3926 847 3986 illam
863 3927 1029 3991 Romanum
1047 3927 1241 4007 provocavit,
1266 3936 1302 3988 ut
1325 3947 1379 3988 ms·

297 4153 412 4243 Dm:
436 4154 551 4225 llepseen
571 4155 590 4209 1.
610 4171 632 4207 1.
654 4153 849 4224 [11151111.
