2862 4708
77 489 192 555 perum
214 469 271 531 sibi
295 467 488 530 addictorum
509 483 685 528 succurrere
705 467 857 542 solebant,
892 467 958 531 sine
979 469 1073 534 dnbio
1095 471 1177 550 bend

76 597 198 659 pancos
219 577 259 636 ad
279 569 382 656 partes
404 593 489 636 novae
507 579 597 634 secto
613 573 762 634 trsbebat.
810 575 858 636 lte
875 575 983 638 saltem
1004 599 1044 640 ex
1065 578 1176 660 episto-

76 682 125 743 lis
147 681 238 743 Penii
268 681 308 740 ad
331 678 615 742 Tbessslonicenses
647 678 725 738 datis
747 685 864 740 constet
870 723 882 752 ,
913 681 946 742 in
968 682 1025 744 bec
1049 683 1178 745 ecelesia

77 785 193 858 fuisse,
216 786 269 868 qui
292 783 417 866 ignavie
438 782 628 864 indulgentes
649 783 740 843 sociis
760 783 833 843 fidei
853 785 1007 848 molestias
1026 795 1175 860 crearent,

77 876 285 950 beneficentia
306 911 411 950 eorum
430 895 544 949 temere
570 887 781 969 imploranda,
810 891 964 952 l'l'bess.
987 893 1020 964 4,
1043 895 1097 956 11.
1122 894 1174 956 12.

79 997 109 1057 2
133 995 243 1056 Tbess.
262 997 296 1068 0,
318 997 370 1057 10.
388 995 442 1057 11.
457 993 589 1056 Pessimi
605 992 653 1052 illi
671 1013 784 1066 mores,
807 994 916 1076 qnibm
933 991 1071 1079 plerique
1087 997 1177 1060 Chri·

80 1097 177 1159 stiaui
198 1101 364 1180 presertim
381 1120 398 1158 e
420 1099 577 1179 gentilium
596 1092 740 1171 numero,
757 1105 917 1182 antequam
930 1121 1040 1161 nomen
1054 1101 1177 1164 Christo

79 1203 248 1278 dederunt,
276 1204 372 1265 dediti
394 1210 493 1275 erent,
516 1223 578 1264 nou
603 1203 704 1264 subito
724 1203 830 1264 snimis
851 1225 956 1266 eorum
978 1205 1077 1266 evelli
1091 1213 1179 1288 pote·

77 1313 167 1382 rent,
192 1330 284 1392 quere
303 1319 425 1392 s'emper
445 1330 522 1391 opus
543 1315 627 1382 erat,
661 1315 696 1369 ut
717 1309 849 1391 apostoli
870 1310 1052 1390 provissimis
1075 1310 1179 1372 edmo-

79 1413 265 1487 nitionibus,
287 1414 487 1488 cohortando,
511 1413 678 1488 suadendo,
701 1413 842 1476 ιιιίιιιιιιΙσ
856 1413 992 1476 1ιοιιιίιιοι
1009 1437 1048 1476 ex
1065 1421 1180 1478 tumme

78 1517 258 1578 vitiositatis
279 1520 395 1581 sentino
424 1541 503 1602 segre
534 1503 656 1602 ereptos
685 1520 717 1580 in
746 1520 846 1580 studio
867 1521 987 1602 pietatis
1007 1521 1037 1584 de
1058 1521 1178 1583 virtutis

81 1622 313 1683 commum.
369 1625 499 1699 omno
530 1625 645 1685 rastas
672 1625 705 1684 sn
728 1611 847 1687 soor.
869 1628 903 1697 o,
935 1628 1013 1688 oro
1042 1626 1178 1687 somne·

83 1724 257 1796 describit,
299 1726 352 1808 qni
371 1727 486 1806 indigni
514 1727 575 1786 siut
594 1727 737 1786 felicitate
765 1727 838 1786 olim
858 1727 890 1788 in
910 1749 1004 1808 regno
1025 1731 1179 1792 Messisno

81 1832 210 1891 futures
235 1819 370 1915 πόρνοι,
390 1820 639 1916 εἰδωλολάτραι,
660 1828 787 1916 μοιχοὶ,
803 1831 964 1914 Ιιιαλαιισλ,
986 1832 1181 1921 αρσιιισιισῑο

80 1958 158 2011 ται,
177 1933 331 2011 κλέπται,
353 1934 564 2010 πλεονέκται,
592 1935 762 2024 μέθυσοι,
782 1933 942 2022 λοίδοροι,
964 1931 1117 2026 ἅρπαγες
1139 1969 1181 1994 ·.··
1250 2009 1254 2020 ,
1294 1973 1297 1984 .

83 2040 179 2104 simul
200 2040 302 2101 addite
329 2039 400 2106 ιιαλ
430 2031 571 2106 ταῦτα’
601 2063 721 2114 τινος
743 2029 817 2125 ἧσο
838 2041 883 2124 (v.
908 2042 974 2124 11).
1016 2043 1110 2106 Multi
1133 2065 1181 2105 er·

83 2167 176 2211 rores
199 2167 238 2215 en
261 2145 388 2226 pristino
413 2144 564 2206 dudeismi
591 2146 642 2208 vel
666 2145 839 2207 Gentilismi
870 2154 950 2208 statu
973 2149 1087 2210 residui
1118 2150 1181 2210 ani·

83 2255 145 2316 mis
166 2251 302 2312 fidelium
320 2238 481 2314 etiemnurn
496 2249 682 2314 bharahno
695 2271 859 2334 eorumque
881 2267 981 2314 mores
998 2253 1181 2316 inficiebant.

85 2358 214 2421 Eaedem
242 2357 332 2418 animi
359 2355 623 2438 perturbationes,
662 2375 730 2439 quse
753 2377 874 2438 semper
896 2359 1050 2420 materiem
1072 2378 1184 2440 suppe-

87 2464 226 2525 ditabunt
240 2463 446 2534 dissidiorum,
468 2460 613 2533 rixarum,
635 2460 783 2544 maiorum
802 2463 931 2547 denique
949 2464 1093 2536 omnium,
1116 2463 1182 2546 qni·

88 2568 151 2630 bns
176 2547 311 2628 bbmines
339 2567 462 2649 insipidi
490 2573 594 2628 mutuo
626 2587 660 2627 se
688 2575 800 2629 vexant
820 2575 911 2652 atquo
933 2569 1086 2651 affligunt,
1121 2569 1183 2630 viru

87 2673 291 2757 perniciosum
316 2673 407 2734 etiem
434 2674 466 2734 iu
490 2673 613 2734 curtibus
645 2672 824 2736 Christianis
855 2675 1030 2757 apostolicis
1061 2693 1183 2736 exsem-

87 2779 165 2842 bant
194 2779 320 2855 (invidis
347 2777 379 2840 ds
409 2779 555 2861 cupiditas
583 2778 714 2840 bubendi
744 2779 861 2842 lGor.
882 2783 918 2854 o,
942 2781 1014 2844 1-8
1034 2812 1077 2830 -
1100 2797 1184 2841 arro-

87 2885 191 2967 gans,
216 2883 248 2946 o
274 2904 356 2944 ...ιι
386 2881 490 2964 glorie
519 2884 652 2946 sianum
680 2883 765 2946 rso.
792 2885 828 2957 e,
858 2885 944 2946 2-s.
968 2883 1041 2944 oo.
1071 2883 1107 2954 s,
1127 2883 1182 2944 ιιι.
1293 2858 1297 2866 ’

87 2991 124 3062 0,
148 2989 181 3051 3.
212 2990 231 3050 1
257 2988 332 3049 Gor.
352 2990 386 3061 8,
415 2991 504 3072 lsq.
535 2990 593 3049 cir.
616 2991 636 3050 l
659 2988 734 3049 Gor.
758 2986 948 3058 XII-XIV,
977 2983 1118 3064 gloriatio
1146 2983 1186 3043 de

89 3083 289 3182 χαρισμιῖσι,
310 3092 447 3174 inprimis
466 3093 506 3154 de
527 3091 669 3152 facultate
690 3089 730 3157 uti
745 3079 911 3177 γλώσσαις
930 3088 1100 3154 λαλιῑι-
1117 3108 1185 3148 sra-

87 3200 162 3262 ritin
184 3201 203 3261 1
225 3199 307 3260 Tim.
331 3199 366 3270 0,
386 3199 439 3259 10.
458 3229 501 3244 -
518 3193 712 3266 obtrectatio,
736 3193 936 3256 calumniandi
953 3190 1085 3254 studium
1101 3191 1184 3274 pr.

88 3303 125 3378 4,
157 3303 211 3365 20.
235 3303 288 3365 81.
311 3303 420 3364 82-
439 3301 557 3385 ignavia
578 3303 597 3363 1
622 3300 735 3363 Thess.
762 3301 797 3373 t,
820 3301 872 3363 11.
897 3297 1107 3371 mesen
1131 3301 1183 3361 10.

89 3407 170 3487 dc.)
213 3409 290 3486 Quae
312 3407 411 3470 omnis
431 3407 458 3467 si
480 3407 740 3480 consideraveris,
763 3426 825 3467 non
845 3405 1014 3478 miraberis,
1036 3405 1068 3465 iu
1089 3404 1185 3466 socie·

89 3520 155 3574 tete
184 3511 346 3574 cbristiana
376 3512 466 3596 primi
497 3513 556 3574 aeri
584 3511 710 3593 vestigia
739 3511 869 3594 reperiri
900 3511 1061 3585 vitiorum,
1101 3529 1185 3592 quse,

90 3617 160 3680 lsus
183 3615 272 3678 Deo!
296 3617 379 3678 band
399 3615 488 3680 facile
508 3616 599 3679 bodie
622 3617 655 3678 in
677 3617 800 3679 cotibus
825 3617 994 3679 christianis
1016 3615 1185 3697 depreben-

92 3724 205 3784 dantur
224 3725 258 3802 (l
283 3723 359 3786 Cor·
380 3723 414 3797 0,
437 3724 457 3785 1
476 3744 545 3806 sqq.
580 3723 633 3795 11,
656 3723 697 3785 18
716 3744 786 3806 sqq.
817 3725 874 3785 cst.
891 3722 974 3786 dud.
999 3722 1066 3799 12),
1086 3738 1186 3802 nequo

92 3829 312 3910 obstupesoes,
349 3829 431 3911 qnod
459 3827 575 3890 Paulus
596 3827 628 3888 in
650 3827 779 3910 epistola
809 3828 847 3889 ad
868 3827 1021 3914 Ephesios
1048 3844 1186 3886 necesss-
1231 3831 1233 3840 ’

92 3932 172 3996 rium
191 3917 313 3996 duxerit
334 3933 466 3996 lectores
489 3932 667 3996 christianos
689 3953 825 4007 monere,
849 3940 883 3995 ut
904 3953 921 3994 s
943 3932 1026 3992 iurto
1041 3928 1072 3992 de
1088 3926 1186 3990 ebrie·
