2862 4708
325 275 437 419 ‘roo

290 557 415 638 impuris
435 555 468 614 in
489 551 537 614 his
561 547 857 612 commessationibus
879 547 1032 630 indulgeri
1059 547 1205 626 solebat).
1255 551 1296 612 ld
1317 543 1379 611 illu·

290 670 403 724 stratur
425 656 566 740 exemplo
586 656 777 738 antiquorum
801 653 1020 729 lsrselitarum,
1044 657 1096 738 qui
1110 677 1204 738 quum
1225 657 1259 716 iu
1280 659 1378 718 itinere

288 789 345 848 per
368 767 521 827 desertum
540 762 705 824 Arabicum
728 761 871 824 hloabitis
903 761 1086 824 idololatriae
1118 763 1233 822 deditis
1260 763 1375 824 familie·

288 874 375 934 ribus
395 877 567 943 uterentur,
598 868 779 929 foedissimis
810 868 1004 941 criminibus,
1035 867 1115 928 serio
1138 866 1170 929 eh
1189 867 1377 928 vehementer

288 981 321 1041 in
342 979 416 1062 ipsis
440 977 619 1048 vindicetis,
657 995 691 1036 ee
714 973 900 1056 polluerent.
951 973 995 1054 Ut
1016 973 1191 1045 hutilitas,
1218 975 1374 1055 insignibus

288 1085 443 1148 henetieiis
464 1083 573 1144 divinis
595 1081 731 1152 allectos,
760 1101 888 1161 poeusm
910 1081 1076 1140 facinorum
1100 1080 1303 1141 admissorum
1324 1103 1374 1140 nou

289 1193 442 1274 effugisse,
472 1190 515 1250 its
535 1187 736 1258 Christiouos,
769 1186 903 1267 muueris
925 1185 1090 1268 majoribus
1117 1186 1210 1246 etiem
1231 1187 1374 1246 benefieiis

289 1299 398 1360 divinis
420 1303 543 1358 ornatos
566 1293 703 1354 meritam
723 1312 852 1372 poenum
876 1313 937 1354 non
958 1292 1131 1354 evolaturas
1153 1313 1246 1365 esse,
1277 1293 1301 1352 si
1319 1293 1371 1351 sihi

286 1425 351 1464 uon
372 1407 574 1482 temperantes
605 1398 643 1458 ab
672 1397 770 1478 epulis
796 1399 862 1462 istis
894 1397 1073 1479 periculosis
1096 1399 1211 1459 nefarie
1238 1400 1373 1480 egentis

287 1509 388 1571 neum
412 1506 444 1570 de
467 1505 640 1566 Christume
666 1502 807 1584 fugiende
831 1503 923 1584 igitur
940 1523 1007 1564 esse
1028 1504 1080 1564 illa
1103 1505 1243 1586 pericula
1262 1527 1313 1565 nec
1331 1512 1372 1564 te·

286 1635 370 1677 mere
392 1614 424 1674 iu
445 1610 605 1672 discrimen
627 1607 836 1688 objectandum
857 1609 960 1683 tidem,
991 1609 1191 1690 religionem,
1225 1612 1369 1692 pietatem,

285 1722 448 1784 virtutem:
473 1715 659 1778 diffitendum
684 1714 785 1796 potius
807 1713 921 1775 viribus
943 1716 1018 1790 auis,
1043 1715 1177 1776 nondum
1199 1717 1274 1777 sotis
1296 1739 1371 1777 excr-

180 1875 184 1884 .
286 1829 385 1890 citatis
409 1825 440 1890 ά
461 1823 623 1886 roboretis.
665 1819 735 1882 llis
750 1819 815 1900 jam
835 1841 896 1880 nou
916 1821 1022 1883 deesse
1040 1823 1112 1882 fidei
1129 1844 1311 1906 morumque
1326 1845 1370 1905 pe-

285 1933 394 2005 ricula,
429 1950 495 2013 quse
519 1929 625 1990 evitari
645 1949 707 1989 nou
729 1927 866 2009 possint:
907 1929 939 1988 in
962 1928 1018 2002 iis,
1051 1929 1160 2012 quibus
1189 1926 1307 2012 absque
1328 1951 1369 1988 sue
1416 1971 1417 1990 ι

131 2019 134 2030 .
196 2017 211 2068 ¹·
286 2038 375 2119 culp.
395 2034 605 2116 subjicientur,
626 2033 727 2094 Deum
748 2053 801 2094 eos
820 2031 1004 2112 adjuturum,
1029 2055 1068 2094 ne
1091 2035 1253 2095 tentationi
1268 2036 1367 2096 viribus

285 2143 392 2226 mojori
418 2140 632 2212 succumhout3
671 2146 702 2198 et
724 2138 750 2198 si
779 2139 838 2220 ipsi
864 2139 1008 2202 audacter
1036 2139 1067 2203 dc
1088 2150 1270 2221 arroganter
1300 2141 1369 2201 nulls
1416 2143 1417 2220 J

283 2249 462 2310 necessitate
487 2253 613 2326 urgente
635 2245 772 2327 pericula
793 2245 914 2318 edeant,
943 2245 1074 2326 culpem,
1108 2246 1134 2306 ei
1157 2249 1368 2329 opprimantur,
1416 2235 1417 2266 ¹

274 2356 314 2414 *in
337 2356 420 2434 ipsos
441 2353 577 2413 recidere
603 2355 637 2428 (1
660 2351 735 2412 Cor.
759 2354 813 2424 1⁰,
831 2350 933 2433 ott).
989 2351 1059 2413 «lum
1082 2351 1115 2412 id
1139 2353 1262 2435 ipsum,
1298 2353 1368 2438 quod

283 2459 389 2540 epulus
411 2457 590 2518 sacrificales
620 2457 748 2530 adeant,
788 2458 975 2519 Christianos
1002 2457 1182 2519 idololatriae
1208 2469 1369 2542 suspectos,

283 2564 378 2645 quid?
413 2585 520 2624 revera
548 2563 679 2644 quodam
699 2564 790 2624 modo
813 2565 975 2646 participes
996 2564 1138 2626 reddere.
1201 2566 1369 2628 Etenimin

281 2671 429 2730 honorem
462 2665 614 2728 idolorum
647 2669 752 2750 epulus
781 2669 853 2730 istus
884 2670 1020 2744 institui3
1062 2671 1113 2740 ad,
1130 2671 1287 2734 idolorum
1315 2673 1369 2734 eal·

212 2753 225 2780 ⁵
256 2753 346 2836 ‘tum
374 2795 428 2834 eos
455 2773 537 2834 hsud
566 2774 664 2834 minus
682 2774 847 2855 pertinere,
870 2798 905 2836 se
927 2797 1011 2838 sacre
1034 2777 1276 2840 Christianorum
1297 2801 1371 2839 oens

264 2883 319 2944 'ed
349 2881 464 2942 cultum
502 2903 537 2942 ec
574 2881 798 2943 venerationem
827 2881 941 2942 Christi
972 2883 1139 2965 pertineat:
1186 2886 1241 2967 qni
1276 2886 1371 2966 epulis

279 2989 437 3071 gentilium
460 2988 553 3049 saeris
577 2987 752 3059 accumbat,
785 3008 853 3047 eum
872 2989 1046 3049 societatem
1070 2989 1222 3070 quandam
1243 2991 1275 3054 de
1296 3013 1371 3052 com·

278 3097 451 3157 munionem
480 3117 549 3156 eum
578 3093 668 3154 idolis
697 3093 773 3153 inire
805 3115 840 3176 ee
861 3094 998 3176 profiteri
1029 3095 1159 3156 eundem
1181 3097 1213 3156 in
1232 3099 1370 3170 -modum,

281 3223 341 3282 quo
360 3201 517 3284 epularum
547 3199 753 3271 sacrificalium
781 3199 862 3281 apud
885 3199 1037 3262 lsraelitus
1061 3201 1284 3264 celebratarum
1306 3227 1373 3264 cou-
1415 3191 1416 3242 l

279 3305 348 3366 viva
373 3306 413 3365 ad
434 3307 609 3368 societatem
629 3307 770 3378 dehere,
805 3326 956 3388 eaenaeque
975 3293 1147 3366 dominicae
1177 3330 1305 3370 consors
1339 3310 1372 3370 sd

280 3410 521 3470 communitatem
544 3411 658 3474 Christi
679 3412 847 3492 perveniat,
878 3412 924 3472 illi
953 3433 986 3473 se
1007 3407 1162 3474 addictum
1182 3415 1372 3496 profiteatur,

279 3512 327 3572 illi
347 3513 468 3573 viuculo
486 3516 641 3596 religionis
660 3537 693 3576 se
713 3516 818 3598 alliget
839 3518 874 3594 (1
894 3517 968 3578 Cor.
992 3521 1047 3592 10,
1070 3521 1183 3600 1421)
1197 3524 1240 3602 ¹).

207 3695 216 3702 ’
285 3685 327 3754 -1)
347 3685 483 3752 Heydenr.
504 3686 522 3738 l.
542 3687 561 3740 l.
579 3688 617 3740 od
640 3688 706 3756 Cup.
730 3689 798 3758 Cap.
820 3689 853 3743 X.
895 3691 932 3745 st
956 3693 1069 3762 querele
1088 3693 1133 3748 vir
1152 3695 1229 3748 doct.
1250 3695 1294 3766 (p.
1311 3691 1372 3758 118)

347 3797 433 3832 rerss.
452 3779 487 3832 ln
506 3777 530 3831 ὃι
547 3776 583 3830 ‘dil
599 3777 641 3831 ite
659 3779 882 3836 circumscribite
911 3783 1084 3839 ”verissime
1100 3786 1260 3853 judicetis,
1287 3801 1374 3856 neque

347 3869 476 3934 existere,
495 3883 585 3939 neque
603 3870 712 3940 eliquid
730 3889 811 3942 posse
829 3873 915 3928 idola.
950 3878 988 3930 dt
1005 3878 1082 3930 enim
1100 3895 1171 3933 vero
1189 3879 1315 3950 gentiles
1334 3886 1373 3930 ta·

345 3962 462 4018 meniis
480 3963 669 4016 sacrificantes
682 3965 933 4036 occumbentesque
951 3969 987 4020 sd
1005 3985 1115 4023 menses
1137 3987 1237 4022 eorum
1258 3984 1372 4040 persus-

344 4074 407 4111 sum
425 4057 540 4120 habent,
569 4054 621 4108 ills
642 4055 761 4108 existere
768 4092 845 4110 .....
892 4057 944 4110 Vos
962 4075 1047 4129 erge,
1074 4061 1140 4113 duna
1165 4062 1310 4114 interestis
1330 4066 1370 4111 ut-

344 4147 539 4216 perfruimini
555 4147 644 4220 epotis
665 4147 820 4216 religiosis,
848 4166 880 4203 er
899 4150 1046 4207 intentione
1063 4159 1208 4224 menteque
1223 4155 1370 4227 gestitis·
