2864 4712
1045 277 1102 366 tt

64 471 139 582 stat,
163 499 277 566 multos
298 517 339 564 eo
362 503 500 580 tempore
517 495 639 581 judaica
659 506 750 582 geute
765 505 851 564 ortos
872 515 931 583 per
949 507 1048 564 toturn
1070 509 1164 566 tam.

63 634 135 674 rum
164 611 274 672 orbem
301 611 447 687 vagantes
475 604 587 666 mimos
620 605 778 686 gentilium
807 605 931 686 magicis
956 607 1073 670 artibus
1094 629 1166 691 pcr-

62 717 219 796 stringere
242 712 419 783 studuisse,
443 713 477 768 ut
499 716 650 792 quaestum
672 731 713 772 ex
741 711 955 792 superstitione
975 711 1085 776 horum
1107 715 1167 777 sihi

60 824 214 888 lacerent.
266 819 327 880 Ubi
357 836 430 878 vcro
459 814 564 876 animis
588 815 746 896 gentilium
775 813 884 897 religio
908 815 1069 880 christiana
1091 837 1166 901 pro·

62 927 139 986 bata
160 930 220 995 est,
259 923 323 983 heri
343 942 405 988 non
426 927 569 1002 poterat,
613 920 687 1002 quin
708 920 785 981 fides
804 920 841 983 'da
859 921 1024 996 autoritas,
1075 945 1166 1006 qnam

62 1030 113 1091 illi
136 1030 312 1110 impostores
334 1028 394 1088 sihi
417 1033 624 1107 arrogassent,
648 1045 776 1107 pronus
793 1025 967 1088 tolleretur.
1010 1029 1166 1106 Quantum

14 1139 19 1146 '
63 1156 139 1197 vero
170 1133 232 1194 edii
256 1133 328 1194 iude
357 1133 416 1194 silai
447 1131 646 1200 continuerint
676 1151 836 1212 prsecones
858 1130 1020 1212 evangelii,
1055 1153 1113 1214 per
1134 1155 1168 1198 se

61 1246 159 1322 patet.
219 1238 303 1298 lluic
331 1237 528 1320 judaicorum
561 1237 764 1317 impostorum
796 1237 901 1318 generi
927 1239 1168 1302 annumerandus

59 1353 110 1406 est
132 1345 257 1426 Elymas
285 1343 354 1416 ille,
395 1343 448 1425 qni
468 1340 610 1422 Sergium
639 1340 770 1402 Paulum
802 1341 1026 1404 Proconsnlcm
1046 1343 1166 1425 Cyprias

60 1450 222 1532 prestigiis
244 1448 306 1508 suis
328 1449 525 1508 constrictum
548 1445 684 1520 tenebat,
718 1446 1038 1530 (sct.18,8sqq.),
1068 1449 1167 1512 donec

59 1555 178 1618 Paulus
200 1553 369 1636 Apostolus
391 1554 552 1615 efficaciam
584 1550 651 1633 ejus
680 1551 883 1634 perniciosam
912 1549 1049 1614 cohibuit
1066 1552 1165 1634 justa·
1276 1589 1288 1609 t

63 1681 127 1742 qne
149 1681 250 1741 poena
278 1660 388 1718 affecit.
444 1657 539 1718 Aliud
566 1655 657 1737 hujus
682 1657 803 1737 generis
829 1657 1084 1740 prestigiatarun
1110 1679 1164 1722 ex·

65 1763 203 1845 emplum
221 1763 309 1822 oilert
329 1763 461 1822 narratio
482 1762 576 1822 Lucae
599 1761 670 1822 Act.
693 1763 748 1832 1⁰,
776 1761 820 1824 lu
841 1781 910 1843 sqq.

35 1861 36 1866 ’
156 1867 316 1928 Interdum
343 1873 463 1937 metus,
500 1885 540 1926 ne
569 1865 725 1946 gentilium
756 1865 957 1947 suspicionem
981 1865 1013 1932 da
1040 1863 1166 1949 iujurias

60 1972 187 2034 sibimet
207 1972 283 2053 ipsis
307 1971 532 2043 contraherent,
562 1971 702 2044 dedecus,
731 1969 784 2052 qui
804 1965 1003 2034 Jeaum'esae
1020 1973 1166 2038 llesaiam

60 2078 242 2162 persuaderi
263 2078 321 2138 sihi
342 2098 404 2138 non
421 2077 629 2159 patiebantur,
653 2076 884 2150 commovebat,
930 2084 965 2138 ut
986 2078 1166 2142 chrisu‘anos

60 2186 206 2247 doctores
238 2183 371 2265 eclipsi
393 2183 480 2244 malis
510 2188 657 2244 vexarent
684 2181 738 2244 vel
768 2181 851 2263 apud
881 2181 1010 2262 gentiles
1041 2183 1166 2244 crimine

60 2295 253 2352 accusarent.
309 2289 413 2364 Quum
433 2288 609 2348 Demetrius
632 2285 747 2368 Ephesi
765 2286 927 2348 tumultum
947 2294 1054 2350 contra
1075 2288 1165 2352 ctri-

61 2397 178 2456 stianos
199 2401 235 2454 ut
255 2384 393 2454 inimicos
412 2392 517 2454 llianu
530 2392 705 2466 excitasset,
726 2392 827 2454 Jndni
844 2393 1053 2456 Alexandrum
1069 2417 1165 2478 quen·
1192 2373 1195 2380 ,

61 2501 136 2561 dam
154 2498 389 2580 protendebant,
425 2499 477 2580 qni
499 2518 556 2579 pro
576 2505 666 2579 gente
691 2519 745 2560 sua
765 2497 882 2560 diceret
905 2497 991 2576 (Aac.
1012 2502 1066 2572 19,
1089 2501 1161 2580 88).

61 2605 218 2666 Videntur
237 2603 316 2664 euim
335 2602 370 2662 id
390 2623 478 2684 agere
501 2602 647 2678 voluisse,
671 2607 707 2664 ut
728 2602 905 2664 Alexander
926 2603 1042 2686 populu
1061 2604 1165 2686 llphc·

60 2711 141 2782 sino,
165 2710 285 2772 iniram
297 2711 403 2772 contra
423 2717 626 2772 contemtores
642 2729 798 2770 merorum
818 2709 976 2791 gentilium
997 2712 1163 2788 concitato,

60 2815 283 2897 persuaderet,
312 2815 438 2878 Judaees
466 2835 529 2876 non
556 2835 745 2876 communem
768 2835 837 2876 cusu
858 2815 974 2878 Christi
993 2817 1163 2880 culturihus

62 2941 185 2982 causam
214 2937 317 3001 agere.
349 2951 388 2967 -
418 2920 521 2997 Quum
558 2921 696 2982 doctriua
727 2919 767 2980 de
795 2920 875 2980 «lesu
904 2941 977 3000 rege
1007 2921 1162 2984 llleasiauo

62 3025 270 3105 suspicionem
305 3025 533 3105 magistratuum
569 3025 725 3107 gentilium
758 3025 846 3086 lacile
883 3043 1008 3084 movere
1043 3031 1161 3103 posset,

60 3129 257 3222 acuminum
277 3138 336 3203 est,
355 3131 501 3204 Judaos,
533 3131 587 3213 qui
608 3132 699 3192 fidem
722 3127 881 3209 evangelio
903 3127 1019 3188 Christi
1042 3127 1161 3193 detrec·

58 3241 182 3307 turent,
219 3234 301 3296 ultro
321 3235 399 3296 haue
419 3237 657 3298 criminationem
680 3235 721 3296 ad
742 3233 906 3294 tribunalia
928 3233 1086 3314 gentilium
1107 3237 1160 3300 de·

58 3341 191 3414 tulisse,
225 3341 308 3423 quod
331 3341 495 3404 Christiani
515 3342 608 3404 alium
628 3341 820 3402 declararent
842 3359 958 3422 regem,
979 3364 1070 3426 quam
1093 3344 1160 3408 Cte-

60 3451 174 3518 aa'reur,
195 3447 266 3510 Aeta
290 3449 345 3519 17,
368 3449 401 3510 7.
414 3449 545 3508 -Sunt
566 3448 656 3508 ctiam
680 3447 735 3528 qui
751 3447 936 3510 arbitrentur
946 3449 1073 3510 Jadaeos
1094 3449 1160 3512 lto-

58 3572 166 3612 manos
194 3551 266 3614 het.
290 3553 345 3625 28,
375 3553 416 3616 21
444 3573 515 3634 sqq.
548 3551 748 3633 ignorantiam
776 3551 869 3614 Pauli
898 3551 1041 3616 desecte
1070 3555 1161 3616 Chri-

60 3657 164 3717 susac
193 3657 349 3718 simulasse
363 3659 415 3738 ¹);
455 3679 524 3740 quus
547 3657 697 3718 simulatio
709 3699 720 3729 ,
753 3657 780 3718 si
809 3677 882 3718 vere
911 3658 1028 3720 admitti
1047 3661 1159 3741 possit,

59 3817 293 3832 *-

51 3909 55 3916 ’
77 3913 108 3980 1)
128 3913 173 3966 ltu
194 3909 318 3966 Tholuek
334 3914 451 3984 Ausleg.
471 3911 520 3965 dea
539 3908 588 3964 nr.
600 3905 634 3964 Ρ.
654 3926 691 3960 uu
711 3907 756 3962 die
775 3905 968 3966 [limeuls'iul.
987 3929 1014 3979 p.
1030 3911 1065 3964 X.
1086 3909 1159 3964 ”nte

99 4058 102 4064 ,
128 4005 223 4056 dudeu
241 4005 356 4062 stullten
373 4007 437 4060 siah
455 4019 572 4067 nureo,
594 4001 637 4055 als
657 4002 780 4054 wirssten
809 4001 850 4055 aie
876 4021 930 4057 von
955 4001 1010 4061 den
1029 4001 1161 4054 christun

132 4095 254 4150 nichta.”
292 4096 351 4150 Clr.
371 4097 506 4158 llcnssca,
526 4095 575 4170 der
594 4091 826 4161 Apostell'uulua
843 4111 871 4160 p.
890 4091 943 4168 tte
960 4117 994 4128 -
1005 4114 1040 4184 :-
1058 4113 1098 4166 '7‘
1109 4087 1160 4174 ”ao

890 4238 907 4288 4
