2862 4708
1016 281 1094 371 121
1146 250 1155 268 ’

57 505 97 566 οἱ
120 499 510 590 περιτετμημένοι
524 501 554 578 ¹)
570 492 684 579 (αὐτοὶ
699 492 810 585 νόμον
823 493 1060 588 pvidooeow),
1083 507 1156 568 seda

57 599 250 694 (οὐδὲγάρ)
266 611 299 672 οἱ
321 597 705 692 περιτεμνόμενοι
727 627 756 666 o:
781 608 837 690 qui
852 609 1033 670 circumcidi
1048 629 1082 670 se
1100 629 1160 692 pc-

57 714 186 774 tiuntur
203 718 284 792 (nam
306 713 463 795 quominus
483 732 619 792 praesens
640 731 698 792 pro
719 713 873 792 praeterito
894 714 1079 795 accipiatur,
1114 737 1164 775 ra·

57 818 165 876 tiones
181 817 292 898 lingvoe
309 817 502 898 impediunt).
546 817 625 878 (lum
640 816 697 875 hac
710 816 959 897 interpretatione
977 828 1160 900 congruent,

61 941 138 1004 quae
159 930 247 982 antea
268 925 315 1004 (p.
336 923 411 1000 112)
435 922 629 1002 exposuimus
648 920 687 979 de
708 921 838 994 ratione,
863 942 930 1004 (paee
955 923 1161 984 intercessisse

61 1027 265 1088 existimanda
293 1034 340 1088 est
360 1027 451 1087 inter
466 1025 614 1098 «Iudaeos,
645 1024 698 1107 qui
726 1045 837 1085 nomon
856 1027 934 1087 «lesu
955 1025 1070 1088 Christi
1090 1049 1163 1110 pro·

61 1132 250 1205 finhmtur,
284 1133 420 1214 qsramvis
450 1131 615 1190 crassiores
643 1130 782 1188 notiones
808 1129 945 1210 judaicas
968 1130 1049 1190 haud
1064 1153 1163 1192 *exne-

62 1243 150 1309 rent,
173 1255 338 1318 eorumque
361 1235 547 1317 proselytos.
593 1234 650 1294 fli
670 1233 778 1294 eodem
799 1235 909 1307 modo,
941 1255 1002 1316 quo
1023 1235 1081 1296 sibi
1102 1257 1165 1297 ma·

64 1342 155 1422 gistri
178 1342 313 1422 judaici,
347 1340 545 1422 popularibus
569 1339 873 1400 ethnico-christianis
903 1341 1092 1422 evangelium
1119 1343 1166 1402 di·

64 1446 205 1528 sciplinae
232 1447 374 1509 Mosaieae
397 1445 537 1528 junctum
562 1445 722 1506 tradebant
748 1444 779 1506 de
801 1446 1061 1507 commendabant.
1119 1447 1165 1508 lti

65 1553 208 1612 homines
237 1573 277 1610 ne
301 1553 334 1612 id
355 1553 476 1633 quidem
497 1551 627 1612 assecuti
650 1557 757 1623 eraut,
788 1559 824 1610 ut
844 1553 908 1612 rim
929 1551 960 1612 de
983 1559 1165 1632 potestatem

71 1655 311 1714 circumcisionis
341 1655 566 1733 intelligerent,
605 1655 742 1714 homines
770 1655 909 1714 nimirum
938 1655 1165 1718 circumcisione

69 1758 232 1844 subeunda
253 1756 310 1817 toti
322 1755 384 1837 legi
400 1757 542 1819 lllosaicas
563 1756 758 1816 observanda
781 1777 814 1816 se
836 1759 1024 1838 obstringere
1047 1763 1094 1841 (ὅ,
1115 1761 1165 1842 8),

70 1864 183 1925 sedin
205 1861 346 1922 crassiori
373 1861 431 1922 hac
454 1861 596 1942 opinione
622 1861 871 1942 acquiescebant,
910 1861 1167 1926 circumcisionem

70 1989 131 2052 per
146 1989 179 2028 se
196 1988 233 2027 eo
251 1987 349 2049 usque
370 1967 486 2038 valere,
506 1974 552 2040 ut,
575 1967 710 2048 quamvis
730 1965 833 2026 multis
854 1966 920 2027 aliis
940 1969 1102 2050 praeceptis
1122 1970 1167 2030 le·

73 2076 120 2157 gis
143 2072 313 2134 de.ritualis
338 2071 369 2133 de
389 2072 512 2132 moralis
542 2071 708 2152 neglectis,
736 2069 874 2134 homines
897 2077 1010 2135 tamen‘
1021 2074 1086 2158 ejus
1108 2095 1168 2158 ope

74 2179 202 2262 gratiam
222 2178 352 2238 divinam
374 2179 485 2237 mereri
506 2183 644 2258 possent.

165 2283 237 2344 dans
260 2283 354 2342 cnivis
374 2282 504 2362 patebit,
528 2302 583 2342 cnr
606 2282 688 2342 idem
708 2279 888 2362 Apostolus,
921 2280 974 2362 qui
997 2287 1080 2342 tanta
1101 2303 1171 2346 cuns

75 2388 283 2451 moderatione
314 2386 345 2448 de
373 2386 601 2446 mausuetudine
636 2388 698 2467 egit
727 2407 795 2448 cum
824 2386 1016 2459 hominihus,
1051 2389 1103 2470 qni
1131 2409 1171 2450 ex

75 2497 189 2578 pietate
210 2493 313 2567 animi,
336 2492 471 2575 quamvis
492 2491 569 2552 male
592 2491 759 2564 intellecta,
793 2491 981 2574 disciplinam
1005 2492 1176 2556 lllosaicamv

77 2601 151 2662 fidei
174 2597 330 2679 evangelio
352 2597 468 2657 Christi
487 2597 596 2658 habites
614 2596 795 2678 jungebant,
817 2605 900 2658 tanta
921 2619 989 2658 cnm
1011 2599 1171 2660 severitate

79 2707 112 2766 in
128 2704 188 2764 hoc
207 2703 361 2766 bominum
381 2723 475 2786 genus
497 2701 761 2776 animadverterit,
797 2703 850 2785 qui
870 2702 975 2766 salutis
995 2705 1173 2784 praesidium

80 2833 120 2871 ex
142 2810 350 2870 observatione
379 2808 456 2889 legis
479 2808 624 2870 lllosaicee
647 2808 705 2867 eibi
732 2785 859 2889 aliisque
888 2818 1070 2890 quaererent.
1117 2811 1173 2870 Et·

82 2916 161 2978 enim
183 2915 209 2974 si
227 2914 290 2974 boec
311 2913 388 2977 ratio
408 2913 491 2972 l'elici
512 2921 650 2974 uteretur
668 2931 824 2982 successu,
846 2911 962 2970 Paulus
980 2911 1068 2969 facile
1085 2913 1175 2971 intel-

81 3022 179 3093 lexit,
207 3040 309 3084 veram
332 3011 481 3096 evangelii
509 3021 691 3100 potestatem
712 3014 833 3079 omnino
857 3014 1022 3095 perituram
1054 3035 1121 3074 esse
1145 3015 1178 3076 in

84 3126 210 3188 cestibus
233 3124 356 3184 Christo
386 3139 493 3180 recens
522 3119 701 3190 conciliatis,
723 3138 842 3178 necnon
863 3117 978 3180 cultum
1000 3117 1061 3177 Dei
1083 3139 1178 3200 quen-

85 3232 154 3292 dam
175 3237 332 3290 externnm
354 3225 548 3298 substitutum
576 3223 615 3282 iri
643 3223 675 3284 in
697 3221 798 3286 locum
819 3222 891 3286 fidei
914 3222 1082 3286 christianes
1103 3225 1179 3298 vivia

84 3338 168 3398 ficte.
217 3335 265 3394 Eo
287 3332 406 3414 pravius
430 3329 522 3410 igitur
541 3327 606 3388 hoec
627 3328 726 3388 studia
744 3350 762 3387 a
783 3327 881 3404 Paulo
903 3335 973 3387 sunt
992 3328 1174 3411 impugnata.

87 3427 151 3502 Sed
172 3459 214 3500 ex*
233 3439 329 3498 alteru
350 3444 436 3518 parte
456 3434 644 3514 judaizantes
668 3431 715 3490 illi
736 3433 878 3493 doctores
901 3433 998 3515 probe
1021 3437 1176 3510 tenebant,

88 3545 218 3611 Paulum
247 3545 322 3626 ipsis
355 3540 561 3624 gravissimum
576 3557 656 3597 esse
686 3537 901 3599 adversarium.
956 3539 1057 3621 Hujus
1086 3542 1179 3624 igitur

88 3635 218 3736 apostoli
256 3649 447 3714 autoritatem
483 3645 659 3712 subvertere
694 3643 831 3708 omnihus
867 3642 964 3708 modis
1003 3645 1178 3718 studebant,

90 3805 321 3826 ff--u——n

104 3902 136 3970 1)
155 3903 238 3955 Hanc
261 3896 415 3952 lectionem
430 3901 525 3951 temen
551 3898 668 3948 tuentur
689 3893 775 3947 cederi
795 3890 887 3945 Votis.
906 3895 992 3959 atquo
1011 3853 1109 3954 plures
1126 3885 1180 3938 mi·

157 4009 252 4046 nosce.
271 3991 446 4044 diversarum
464 3975 652 4044 familiarum.
705 3986 786 4059 Apud
805 3983 1007 4062 buchananum
1023 3976 1052 4030 in
1074 3981 1181 4033 testum

158 4087 274 4156 recepta
295 4087 344 4140 cet.
