2864 4712
326 266 484 354 22*

263 489 321 554 luti
341 503 473 571 squameo
494 482 534 544 de
554 481 651 544 oeulis
667 459 735 562 ejus
754 479 887 562 delapsa·
912 488 983 543 sunt
1002 479 1089 561 (not.
1110 481 1146 556 o,
1168 482 1237 558 18).
1270 459 1273 466 Ι
1301 481 1370 560 Qui

265 604 354 658 antea
381 593 411 654 ei
432 589 592 652 videbatur
616 587 912 659 Pseudo-Messias,
941 587 1038 648 bostis
1058 586 1215 667 religionis
1238 584 1270 648 de
1292 587 1370 648 eivi-

264 702 336 764 tatis
350 696 494 779 judaieae,
517 693 544 754 is
562 692 626 775 jam
648 694 678 754 ei
698 693 864 774 apparebat
888 693 968 753 lilius
984 693 1058 766 Dei,
1080 691 1197 774 legatus
1218 691 1371 766 eoelestis,

267 787 406 868 amator
428 802 521 860 totius
543 800 662 881 generis
675 799 829 872 bumani3
852 819 946 880 opera
968 797 1059 880 hujus
1078 797 1274 871 miraculosa,
1301 819 1372 880 quae

268 908 407 973 ellieaeiae
428 905 552 966 Diaboli
575 903 690 966 Paulus
715 905 788 964 olim
808 905 1030 986 adscripserat,
1057 904 1122 986 jam
1143 903 1320 964 testimonia
1344 905 1373 964 ei

269 1020 368 1084 eraut,
390 1011 499 1095 quibus
521 1010 622 1072 divina
641 1009 756 1071 Christi
776 1011 922 1072 autoritas
940 1034 958 1071 a
978 1009 1048 1071 Deo
1070 1016 1152 1071 esset
1172 1009 1372 1081 confirmatu

270 1119 429 1190 doetriua,
460 1137 549 1198 qnarn
572 1115 797 1178 existimaverat
817 1137 855 1177 eo
879 1116 1019 1189 tendere,
1048 1122 1084 1175 ut
1105 1135 1224 1176 omnem
1246 1115 1372 1196 religio-

270 1247 340 1288 nem
363 1225 568 1306 pietatemque
589 1222 785 1304 exstirparet,
816 1223 916 1282 omnia
937 1243 1023 1282 saera
1044 1227 1209 1302 everteret,
1237 1221 1372 1285 effraena-

271 1341 334 1395 tam
355 1329 485 1411 denique
506 1327 660 1388 licentiam
681 1333 928 1409 propagaret-
945 1325 1009 1408 jam
1028 1327 1218 1408 evangelium
1240 1326 1269 1386 ei
1295 1334 1372 1400 erat,

273 1433 370 1520 quod,
391 1433 467 1515 jugo
487 1432 564 1513 lepis
586 1432 723 1513 dirupto,
753 1433 891 1494 hemines
913 1434 945 1494 iu
966 1455 1069 1496 veram
1088 1432 1263 1493 libertatem
1284 1433 1373 1494 resti·

273 1547 411 1603 tuturum
431 1538 680 1620 tyrannidemque
698 1540 829 1619 peceati,
851 1561 941 1622 quam
954 1538 1007 1600 lex
1026 1538 1138 1600 tollere
1157 1560 1220 1599 nou
1241 1536 1381 1630 valeret,

180 1681 215 1728 .'
274 1667 452 1709 eversurum
481 1652 585 1719 esset3
615 1643 752 1732 lsomiues
776 1644 906 1727 denique
918 1689 929 1718 ,
964 1665 1042 1726 quos
1071 1629 1131 1703 lide
1163 1642 1193 1705 de
1223 1644 1374 1725 religione

274 1752 456 1828 destitutos,
487 1771 564 1832 quos
593 1750 740 1842 impietati
768 1751 905 1811 nefaudos
930 1749 961 1812 de
984 1750 1178 1810 eontusuaeiae
1200 1751 1297 1810 atro‘ei
1321 1750 1373 1810 de·

275 1857 356 1920 ditos
374 1877 442 1916 esse
458 1854 662 1937 judicaverat,
679 1855 744 1938 jam
765 1853 941 1917 societatem
960 1856 1178 1916 constituentes
1197 1847 1234 1916 ei
1245 1875 1374 1937 appare·

273 1961 361 2034 bant,
384 1981 442 2042 per
464 1983 554 2042 quam
576 1983 649 2024 vera
673 1943 792 2042 pietas,
823 1982 897 2023 vera
916 1961 978 2023 vita
1002 1959 1033 2022 de
1054 1959 1211 2022 beatitudo
1232 1961 1371 2022 omuibus

274 2073 366 2127 terrae
383 2065 491 2125 ineolis
511 2067 712 2147 contingeret.
762 2089 768 2096 ·

369 2171 632 2248 Quemadmodum
655 2172 784 2232 veroin
806 2170 1027 2245 monumentis,
1058 2171 1139 2231 uude
1171 2173 1304 2254 eoguitio
1327 2194 1375 2234 re·

276 2297 346 2341 rum
369 2276 461 2339 Pauli
487 2257 654 2339 haurienda
676 2284 744 2351 est,
785 2276 867 2338 haud
895 2277 1007 2338 diserte
1037 2280 1189 2340 memorie
1221 2280 1375 2361 proditum

277 2390 337 2454 est,
358 2402 416 2464 per
436 2403 572 2464 quaenam
591 2391 743 2444 momenta
761 2383 879 2465 uulgari
899 2405 1001 2444 rerum
1023 2385 1123 2446 ordini
1144 2407 1279 2467 congrua
1297 2387 1375 2448 Pau·

278 2487 341 2560 lus,
366 2485 492 2567 juvante
515 2486 546 2549 de
572 2495 717 2570 operante
738 2488 833 2570 gratia
853 2489 914 2550 Dei
935 2491 1093 2572 singulari,
1117 2513 1134 2551 a
1156 2491 1255 2572 priori
1275 2513 1376 2554 errore

277 2591 309 2654 de
331 2592 546 2673 superstitione
571 2593 611 2652 ad
639 2593 797 2656 veritatem
827 2595 975 2676 evangelii
998 2597 1242 2678 perspiciendam
1264 2599 1375 2660 adduc-

273 2685 328 2777 tus
350 2697 402 2768 sit,
423 2697 466 2756 ita
487 2697 600 2758 l‘rustra
620 2709 742 2780 qdoque
760 2720 891 2782 queres,
914 2721 1045 2783 quonam
1065 2703 1212 2784 temporis
1235 2725 1378 2766 aueeessu

279 2801 331 2864 vel
355 2821 485 2882 quonam
508 2822 588 2862 nexu
611 2823 698 2864 nove
721 2804 819 2880 isleae,
857 2825 923 2888 quoe
945 2807 978 2866 in
997 2807 1095 2868 Paulo
1119 2815 1194 2870 orte
1219 2820 1315 2886 suut,
1350 2833 1379 2872 se

279 2907 409 2970 invicem
430 2908 618 2990 exeeperiut.
662 2909 769 2985 Quid?
798 2911 930 2972 dubitari
951 2913 1040 2972 etiam
1060 2921 1178 2995 posset,
1206 2937 1245 2977 au
1265 2917 1379 2986 Paulus

280 3015 403 3076 omniuo
431 3007 489 3096 pes·
516 3015 617 3076 varios
643 3016 754 3097 gradus
777 3017 817 3078 ad
845 3018 1059 3099 perfectiorem
1092 3021 1299 3101 eoquitiouesu
1332 3024 1379 3084 ad·

280 3121 390 3183 duetus
421 3121 483 3196 sit,
519 3143 613 3205 quum
641 3123 740 3204 primo
771 3124 890 3184 obtuitu
920 3131 1114 3200 monumenta
1140 3126 1195 3192 illa
1222 3128 1380 3203 historica,

280 3247 349 3308 qnae
368 3229 457 3289 nobis
486 3229 544 3288 lare
569 3229 728 3289 oeeasione
750 3230 935 3290 consulenda
959 3238 1050 3304 sunt,
1083 3231 1123 3290 ad
1149 3236 1380 3298 couversionem

281 3331 374 3392 Pauli
396 3331 606 3392 miraeulosam
635 3335 735 3394 omnia
754 3336 878 3395 referre
902 3336 1081 3411 videantur,
1115 3357 1183 3420 quse
1208 3347 1322 3420 postea
1347 3343 1382 3402 ab
1423 3331 1425 3338 ¹

282 3456 320 3496 eo
342 3434 454 3494 tradita
478 3433 509 3495 de
534 3435 684 3516 explicata
707 3439 767 3498 siut
780 3439 821 3522 ¹).
880 3440 997 3502 Verum
1018 3450 1119 3503 tamen
1139 3443 1231 3524 plura
1254 3449 1382 3528 vestigia

261 3547 366 3613 -sunt,
395 3539 476 3600 unde
500 3537 651 3619 eorrjieere
674 3541 761 3616 lieet,
791 3544 891 3606 Paulo
911 3547 993 3608 idem
1021 3548 1176 3627 euenisse,
1208 3552 1295 3632 qnod
1318 3554 1382 3612 aliis

283 3645 378 3718 viris,
409 3645 461 3726 qui
484 3666 592 3725 magne
613 3649 750 3730 quedam
778 3651 957 3712 molirentur
979 3654 1198 3736 veritatemque
1222 3676 1338 3717 novam
1356 3660 1384 3718 io

284 3749 394 3840 locem*
412 3751 607 3832 proferrent,
638 3760 673 3814 ut
700 3757 783 3837 quod
811 3765 892 3817 esset
919 3766 1009 3839 eaput
1031 3758 1062 3820 de
1084 3760 1272 3842 precipuum
1294 3763 1385 3844 hujus

282 3857 418 3917 veritatis
447 3863 655 3937 argumentum
677 3881 738 3922 uno
761 3861 846 3945 quasi
867 3862 928 3924 ieta
949 3865 1079 3926 animum
1101 3863 1181 3945 ejus,
1210 3887 1270 3947 per
1294 3891 1385 3953 quero

284 3995 517 4014 *auant-a·-

298 4077 469 4158 -llObsero
490 4083 583 4137 tomen
604 4083 665 4142 rtet.
686 4084 713 4150 9,
730 4083 781 4138 222
800 4080 901 4142 Eritne
919 4081 948 4140 dr*
963 4084 1068 4153 μαλλον
1085 4082 1276 4155 ἐνεδυναμέτο.
