2862 4708
346 245 427 334 112

278 469 482 553 promitteret,
505 465 763 530 vehementissime
777 471 946 528 aversatum
963 485 1041 528 esse.
1086 461 1163 528 Nam
1185 486 1247 550 quo
1264 467 1368 550 majori

279 599 349 639 mm
368 574 505 638 molestia
527 575 607 654 ipsi,
645 574 696 656 qni
724 572 872 634 natalibus
893 573 1023 653 gentiles
1046 580 1149 645 erant,
1179 596 1197 632 e
1220 596 1255 634 se
1279 575 1368 656 impc-

279 688 452 753 mvn-nt,
487 687 523 740 ut
549 680 657 740 durum
683 679 850 760 disciplinis
874 679 1017 742 Mosaieae
1035 678 1141 762 jugum
1166 659 1366 762 susciperent,

279 809 317 850 eo
341 785 489 848 difficilius
519 785 576 845 sibi
605 786 783 866 persuaderi
805 785 1016 867 patiebantur,
1048 785 1117 846 illas
1138 787 1365 866 praerogativas,

279 913 354 976 quaa
374 891 450 952 tanti
471 891 562 972 pretii
584 891 642 952 sibi
663 899 900 972 comparassent,
927 891 1039 952 nullius
1059 913 1126 952 csse
1149 892 1299 952 momenti
1322 914 1364 951 ne·

279 1021 339 1083 que
359 997 452 1060 ullam
471 997 542 1058 inde
566 997 623 1056 sibi
650 998 825 1080 contingere
847 995 1049 1078 praestadtiam
1068 1017 1134 1078 pree
1158 996 1217 1070 iis,
1251 998 1305 1080 qni
1324 1019 1363 1058 eu·

278 1127 346 1169 rum
383 1111 485 1166 essent
514 1109 668 1184 expertes.
701 1135 743 1150 --
770 1102 983 1164 Verumtamen
1017 1103 1204 1184 procedente
1233 1111 1362 1186 tempore

278 1213 327 1276 bis
349 1233 470 1296 quoque
490 1209 660 1270 bominibus
689 1208 848 1269 christiana
877 1209 986 1290 religio
1010 1231 1049 1269 ex
1077 1229 1112 1268 ea
1134 1215 1224 1290 parte
1243 1210 1359 1288 probata

280 1326 348 1392 est,
386 1316 555 1400 quotidem
578 1315 700 1376 Gbristo
724 1313 855 1376 babitam
882 1315 978 1396 priori
1007 1309 1218 1395 superstitioni
1241 1313 1356 1394 jungere

279 1443 370 1508 posse
400 1423 459 1482 sibi
490 1421 680 1482 ridebantur.
703 1507 708 1515 Ι
735 1419 869 1480 offensio
881 1464 893 1494 ,
926 1440 993 1502 quae
1017 1419 1089 1480 olim
1117 1420 1176 1480 sibi
1197 1419 1229 1482 ds
1253 1421 1361 1481 Judteis

280 1537 348 1592 orta
365 1535 431 1590 erat
459 1548 498 1588 ex
519 1525 641 1608 indigna
662 1526 739 1586 dean
762 1527 885 1590 Messiae
907 1533 1026 1599 morte,
1061 1527 1172 1586 sensim
1194 1528 1364 1587 removeba-

279 1646 343 1711 tnr,
368 1657 479 1719 quum,
511 1632 673 1714 allegorica
693 1630 734 1692 V.
760 1632 801 1693 Τ.
824 1633 1070 1714 interpretatione
1094 1633 1125 1694 in
1145 1633 1293 1693 auxilinm
1316 1654 1365 1693 vo·
1416 1631 1417 1716 i

280 1749 358 1816 cata,
384 1741 572 1812 didicissent,
591 1739 746 1821 passiones
771 1735 802 1799 ds
824 1745 952 1799 mortem
972 1739 1093 1801 Messio
1111 1738 1177 1820 jam
1197 1761 1216 1798 a
1238 1739 1366 1821 prophe·
1415 1721 1417 1760 *

278 1851 319 1911 tis
339 1849 432 1910 icisse
454 1847 632 1928 predictam
665 1843 735 1905 huie
763 1845 949 1925 persuasioni
978 1866 1048 1927 spes
1077 1845 1298 1906 adnectebatur
1331 1846 1363 1905 de

280 1955 381 2016 reditu
402 1954 479 2016 Jesu
500 1951 739 2033 gloriosissimo,
778 1969 839 2031 quo
863 1948 954 2030 plena
976 1951 1119 2032 dignitate
1141 1951 1297 2014 Messiana
1320 1975 1364 2034 ap

280 2060 431 2142 pariturus
452 2031 544 2118 esiet.
588 2056 656 2116 Hac
677 2056 795 2115 demum
812 2056 928 2115 ratione
947 2057 1186 2138 exspectationes
1199 2059 1361 2130 sensuales,
1416 2101 1417 2138 ,

280 2185 355 2248 quas
376 2187 394 2225 a
415 2161 563 2244 magistris
580 2159 710 2250 judaicis
732 2169 929 2242 acceperant,
945 2163 998 2223 de
1021 2183 1115 2244 repno
1136 2161 1296 2226 Messiano
1318 2165 1361 2224 mi·

280 2273 360 2334 nine
381 2270 557 2350 interceptu
578 2276 659 2342 suut,
703 2268 757 2328 sed
780 2287 848 2350 qum
866 2276 953 2330 antea
978 2268 1211 2350 expectaverunt
1233 2270 1274 2330 de
1289 2271 1361 2332 Mes·

279 2379 323 2440 sia
339 2377 417 2438 banc
432 2376 471 2437 'in
491 2383 603 2436 terram
623 2375 802 2448 adventure,
835 2373 899 2456 jam
918 2375 951 2435 iu
969 2375 1098 2436 reditum
1119 2374 1185 2456 ejus
1207 2378 1362 2436 transfere·

278 2483 363 2544 baut.
411 2479 455 2542 Ut
477 2480 568 2560 igitur
589 2480 625 2540 iis
649 2480 785 2553 dudum,
814 2502 942 2563 quorum
968 2481 1119 2563 cogitandi
1145 2481 1296 2542 rationem
1317 2504 1361 2542 an·

278 2595 328 2649 tea
350 2585 577 2666 descripsimus,
599 2585 641 2646 ita
660 2585 707 2646 bis
724 2607 844 2670 qnoque
865 2587 1027 2669 proselytis
1048 2587 1122 2647 fides
1145 2588 1226 2648 Jesu
1247 2589 1362 2652 Messio

277 2691 447 2776 prestanda
473 2711 552 2751 nova
573 2690 750 2752 *habebatur
781 2693 886 2754 salutis
913 2693 1085 2756 obtinendse
1108 2694 1262 2768 contlitio,
1296 2713 1362 2774 quse

277 2819 342 2860 urso
359 2819 425 2860 cusa
447 2795 607 2876 disciplina
616 2795 751 2875 Mosaios
773 2821 791 2860 a
810 2800 878 2860 Deo
899 2799 1069 2860 bominibus
1090 2801 1242 2882 proposita
1265 2805 1358 2859 esset.

277 2905 406 2968 Constat
425 2909 587 2986 praeterea,
615 2903 699 2984 ipsos
723 2903 839 2986 legatos
860 2905 938 2966 Jcsu
958 2905 1124 2988 apostolico
1147 2907 1267 2966 decreto
1289 2903 1362 2964 satis

277 3013 389 3074 diserte
414 3009 535 3092 quidem
559 3008 749 3084 declarasse,
782 3011 944 3092 gentilibus
969 3012 1059 3071 tidem
1080 3011 1159 3072 Jesu
1184 3011 1361 3072 habentibus

275 3118 396 3179 minime
418 3115 630 3197 imponendum
658 3137 725 3176 esse
752 3113 834 3178 aliud
863 3138 939 3180 onus
968 3116 1089 3204 (tandiu
1119 3108 1227 3182 πλεόν
1256 3115 1363 3183 intui·

274 3228 407 3288 osores
437 3213 521 3304 ὑμῖν
551 3213 659 3307 βάρος
686 3223 757 3284 Aet·
783 3221 1264 3305 15,2s)praeterlevi0mi1n
1289 3243 1363 3304 pre-

275 3334 376 3408 cepta,
400 3347 466 3408 quae
487 3327 695 3388 contineantur
718 3327 789 3391 Aet.
820 3329 873 3402 15,
895 3330 949 3391 28.
974 3330 1028 3391 29.
1078 3329 1142 3390 Sed
1169 3329 1230 3388 boc
1261 3330 1363 3390 deere-

274 3439 340 3493 tum
361 3430 463 3490 multis
483 3431 659 3505 Christianis
679 3433 900 3515 judaizantibus
922 3435 1000 3495 banc
1022 3435 1180 3496 admittere
1204 3434 1364 3497 videbatur

275 3536 565 3618 interpretationem,
589 3537 836 3600 observationem.
848 3547 1068 3621 preceptorum
1090 3540 1286 3602 leviticorum
1308 3563 1364 3602 non

256 3641 479 3724 -imperaudum
499 3643 621 3725 quidem
640 3665 708 3704 esse
729 3645 913 3726 gentilibus,
945 3646 998 3728 qui
1018 3646 1155 3708 societati
1178 3645 1364 3708 Christiano
1411 3669 1412 3714 t

275 3771 343 3812 rum
365 3741 496 3810 adscribi
519 3749 645 3824 vellent,
667 3773 771 3812 verum
788 3751 869 3813 baud
888 3773 926 3813 eo
948 3753 1065 3834 negari,
1085 3773 1142 3834 per
1163 3753 1262 3834 ipsam
1284 3755 1364 3814 illam

124 3927 131 3940 ,
232 3905 240 3910 -
275 3856 352 3939 legis
390 3855 532 3932 Mosaicae
571 3857 789 3939 observantiam
828 3858 995 3940 comparari
1032 3879 1123 3940 posse
1160 3862 1363 3940 praestantiam
1410 3905 1411 3930 ,

275 3963 435 4046 quondam,
458 3961 543 4045 cnjus
568 3963 588 4023 ii
608 3970 709 4023 essent
727 3967 881 4044 expertes,
902 3965 952 4047 qui
975 3971 1126 4046 praecepta
1148 3963 1226 4046 legis
1247 3967 1364 4026 ritualis

275 4070 471 4154 negligerent.
529 4069 576 4130 Ex
600 4069 656 4146 bac
683 4069 773 4150 igitur
803 4078 888 4154 parte
917 4071 986 4133 vani
1015 4070 1166 4133 doctores
1175 4071 1364 4153 judaizantes
