2862 4708
1063 249 1144 337 125

115 467 201 547 (Act.
220 470 279 543 19,
303 465 382 546 lo),
396 486 462 549 -qua
485 467 596 528 laetum
621 473 688 538 est,
710 417 755 528 'ut
776 468 846 529 vani
868 465 915 528 illi
944 467 1085 528 doctores
1108 472 1205 550 capita
1259 527 1265 539 ,

111 574 145 633 in
164 574 212 634 his
240 573 415 653 regionibus
437 571 547 632 tollere
570 593 631 631 non
651 572 818 647 auderent3
856 574 912 634 sed
941 580 1013 654 port
1040 573 1206 635 discessum

4 761 10 767 .
112 676 182 757 ejus
206 677 332 736 altiores
351 677 474 758 spiritus
493 677 604 736 ducere
628 685 793 757 caeperunt,
823 679 977 738 erroribus
1000 680 1097 738 torma
1119 679 1205 759 panl-

110 781 218 842 lulum·
241 783 408 841 immutata·
430 782 562 863 indutis,
607 783 645 840 de
677 783 786 863 quibus
823 791 929 863 postea
957 783 1046 863 plura
1076 783 1205 844 dicenda

111 893 212 946 erunt.
236 920 279 934 -
296 885 410 945 Verum
435 887 541 945 eodem
572 894 731 966 tempore,
763 907 824 968 qno
848 889 963 947 Paulus
976 889 1100 968 ‘Ephesi
1121 910 1205 948 com-

108 1011 230 1050 morans
261 991 358 1050 studia
387 1011 602 1070 perversorum
633 989 756 1049 illoram
785 993 943 1052 doctorum
975 993 1006 1052 in
1037 993 1110 1053 Asia
1141 1002 1203 1054 tam

109 1095 243 1175 graviter
264 1095 477 1176 impugnabat,
522 1095 611 1154 etiam
634 1095 666 1152 in
686 1095 811 1176 Europa
830 1096 911 1155 idem
932 1096 1086 1156 hominum
1107 1119 1203 1178 genus

108 1207 202 1259 caetus
223 1221 280 1280 per
300 1199 429 1262 Paulum
452 1198 576 1260 Christo
598 1199 744 1260 adductos
768 1221 962 1281 corrumpere
984 1201 1137 1262 studebat.

153 1333 156 1340 ¹
200 1305 370 1385 Antequam
393 1303 507 1364 Paulus
529 1303 654 1384 Epheso
676 1305 827 1383 discessit,
848 1307 961 1366 certior
979 1279 1075 1366 sactus
1098 1313 1146 1367 est
1164 1307 1204 1366 de

24 1437 30 1448 ·
108 1407 263 1482 dissidiis,
288 1401 419 1491 ‘quihus
448 1409 576 1474 ecclesia
605 1432 623 1468 a
653 1431 686 1470 se
717 1393 857 1470 Corinthi
888 1411 1008 1471 condita
1039 1412 1204 1492 agitaretur

108 1516 145 1591 (1
167 1513 242 1572 Cor.
266 1517 299 1585 l,
326 1517 487 1595 1osqq.).
545 1515 603 1574 11ae
627 1516 828 1575 dissensiones
853 1537 914 1576 non
937 1537 976 1575 ex
996 1537 1055 1576 une
1078 1517 1201 1598 quidem

108 1637 202 1674 causa
225 1625 310 1674 erant
332 1619 517 1696 repetendae,
545 1640 651 1678 verum
672 1621 845 1698 gravissimu
865 1627 966 1679 tamen
990 1641 1025 1678 en
1050 1621 1202 1708 nitebatur

111 1719 365 1791 exacerbatione,
397 1742 455 1802 qua
478 1729 644 1780 sectatores
666 1724 809 1782 doetrinae
832 1723 969 1782 Paulinae
988 1722 1202 1784 &Christiani

103 1823 296 1903 judaizantes
312 1829 416 1884 mutuo
436 1845 469 1884 se
486 1826 677 1886 infestabant.
721 1827 887 1907 Postquam
906 1827 984 1886 enim
1006 1827 1120 1886 Paulus
1135 1830 1203 1888 lun-

108 1929 284 2014 dementum
313 1929 403 2009 hujus
427 1928 563 1988 eeclesiae
587 1930 803 2002 constituerat,
848 1931 900 1991 alii
928 1932 1068 1994 doctores
1093 1933 1204 1993 Corin·

106 2033 190 2092 thios
226 2034 385 2105 adierunt,
432 2033 492 2114 qui·
523 2054 583 2092 non
616 2055 719 2094 omnes
750 2035 898 2109 candem,
952 2059 1041 2119 quam
1072 2038 1201 2110 Paulus,

106 2138 313 2219 sequebantur
335 2138 523 2218 evangelium
545 2139 692 2199 tradendi
706 2140 866 2200 rationem.
914 2143 1050 2202 Primum
1072 2143 1201 2223 Apollo,

106 2243 234 2303 Judaeus
258 2263 368 2323 genere
388 2243 611 2303 Alexandrinus
634 2245 687 2322 (de
710 2265 771 2326 quo
787 2267 819 2306 r.
840 2265 872 2326 p.
887 2246 943 2327 54)
965 2247 1003 2306 ad
1023 2247 1201 2328 religionem

106 2348 298 2408 christianam
320 2367 483 2408 conversus
495 2391 506 2420 ,
535 2349 582 2408 vir
606 2349 736 2408 disertus
759 2348 789 2410 ds
813 2349 844 2408 in
868 2349 960 2410 saeris
983 2350 1078 2411 literis
1102 2354 1201 2432 prohe

106 2459 245 2514 versatus
269 2443 371 2536 (οἷνήρ
395 2443 526 2538 λόγιος,
562 2446 706 2525 δυνατός
729 2447 777 2520 ab
805 2457 843 2518 ἐν
864 2467 938 2528 ταῖς
960 2468 1106 2541 γραφαῖς
1125 2458 1197 2520 Act.

107 2559 162 2630 18,
184 2555 241 2638 24)
258 2557 437 2616 Corinthum
456 2565 592 2632 venerat,
616 2559 804 2638 evangelium
822 2559 935 2620 Christi
951 2563 1094 2622 nuncians
1111 2563 1196 2640 (Act.

107 2663 162 2733 18,
183 2646 293 2731 2419,
320 2663 350 2722 l.
379 2664 396 2721 1
420 2661 494 2722 Cor.
514 2664 548 2736 3,
572 2663 618 2745 o).
670 2665 814 2746 Magnum
835 2666 968 2726 favorem
986 2667 1067 2728 inter
1089 2667 1199 2728 Corin·

105 2767 188 2828 thios
209 2766 267 2826 sibi
289 2766 459 2826 conciliavit
482 2768 522 2826 oh
544 2770 681 2829 eximiam
693 2813 703 2842 ,
734 2793 792 2852 qua
813 2771 970 2850 pollebat,
999 2773 1200 2835 eruditionem

104 2871 139 2932 ,tle
163 2871 385 2951 eloquentiam,
419 2871 496 2930 adeo
520 2881 554 2931 ut
576 2874 663 2932 multi
692 2895 761 2932 eum
786 2876 884 2933 Paulo
908 2876 1111 2944 anteferrent,
1146 2877 1200 2955 qui

107 2974 257 3054 elegantia
279 2973 390 3054 lingvae
415 2974 446 3034 dr
468 2976 587 3034 dicendi
615 2970 731 3036 virtute'
756 2978 955 3054 superabatur
978 2977 1015 3035 ab
1041 2977 1197 3055 Apolline.

106 3080 259 3156 Quicum
281 3078 425 3158 Apolline
449 3079 610 3152 iaciebant,
632 3080 751 3138 numine
769 3079 852 3138 illins
873 3101 906 3140 se
931 3080 1139 3159 insignientes,
1160 3085 1199 3145 ab

105 3185 157 3256 iis,
186 3185 238 3265 qui
260 3183 397 3243 Paulum
412 3181 553 3242 colebant
580 3191 611 3242 et
643 3205 681 3244 ex
705 3184 764 3243 hoc
783 3185 922 3264 apostolo
944 3186 1091 3264 appellari
1114 3188 1200 3250 vole-

21 3335 25 3342 .
88 3291 191 3362 abant,
216 3310 248 3348 se
270 3293 496 3368 separaverant,
520 3288 551 3347 in
579 3309 616 3348 eo
637 3295 738 3348 tamen
759 3309 827 3348 enm
851 3281 987 3350 Paulinis
1009 3295 1199 3356 eonsentien-
1227 3351 1229 3356 .

104 3402 166 3467 tes,
191 3393 275 3476 quod
295 3392 415 3472 utrique
437 3391 537 3470 legem
560 3393 725 3456 Mosaieam
752 3395 888 3477 ritusque
907 3394 1046 3475 judaicos
1071 3421 1199 3482 prorsus

105 3499 309 3580 abjiciebant,
349 3495 499 3555 libertatis
528 3515 602 3558 vero
640 3499 807 3560 christianae
831 3501 912 3560 haud
939 3523 1058 3585 semper
1080 3504 1198 3585 justum

104 3605 301 3665 instituebant
330 3623 429 3662 usum.
490 3601 552 3662 Alii
581 3611 731 3684 praeterea
762 3605 903 3666 doctores
917 3605 1105 3688 judaizantes
1126 3616 1198 3690 post
1328 3665 1332 3672 .

104 3689 195 3769 Pauli
216 3709 385 3790 digressum
416 3695 596 3769 Corinthum
625 3718 832 3784 accesserant,
868 3713 920 3794 qni
950 3714 1039 3773 etiam
1061 3735 1198 3796 magnam

104 3814 164 3873 sibi
187 3815 219 3872 in
251 3814 307 3874 hae
329 3813 403 3872 urbe
428 3814 641 3896 comparabant
663 3814 835 3879 factionem.
894 3817 1068 3880 Seetatores
1092 3839 1197 3878 eorum

103 3919 134 3978 in
159 3919 306 3979 diversas
321 3919 429 3980 iterum
450 3927 552 3999 partes
577 3940 609 3979 se
633 3899 828 3981 scindebant:
856 3922 951 3982 altera
974 3923 1080 3991 l‘etri,
1102 3921 1197 3978 altera

104 4023 199 4102 ipsius
231 4023 345 4086 Christi
374 4025 492 4085 nomine
524 4045 556 4085 se
586 4025 765 4086 honestabat
787 4027 820 4109 (1
846 4025 919 4088 Cor.
945 4024 1065 4103 1,12).
1113 4025 1198 4086 luter
