2864 4712
278 508 370 572 nullis
390 501 622 586 Hierusolymas
635 499 720 563 missi
735 505 817 562 snut.
863 494 914 560 ux
934 494 986 572 iis,
1007 511 1078 580 qun
1097 493 1163 556 tum
1182 493 1269 578 gesta
1291 492 1379 570 suut,

278 615 447 678 accuratius
471 609 638 690 dijudicare
664 607 738 668 licet
757 605 916 674 rationem,
945 622 1015 686 quse
1036 600 1135 663 Paulo
1156 621 1226 661 cum
1247 601 1379 683 reliquis

277 721 357 783 «Iesu
383 715 540 797 discipulis
572 708 792 775 intercesserit.
855 710 935 786 Qum
974 728 1066 790 quum
1095 728 1114 766 a
1139 707 1297 768 nonnullis
1338 709 1380 768 ita

279 823 433 904 descripta
461 821 513 893 sit,
549 827 583 879 ut
605 817 716 900 reliqui
738 819 816 878 «lesu
838 811 970 896 apostoli
990 810 1178 894 judaicarum
1201 814 1380 894 opinionum

278 929 448 990 tenaciores
472 925 605 988 consiliis
619 923 650 986 de
664 923 771 984 studiis
787 921 878 983 Pauli
900 920 1001 1002 potius
1023 919 1174 979 adversati
1197 939 1266 1014 epse
1289 941 1378 1000 φιιιιιι

280 1033 465 1096 succurrisse
483 1031 725 1092 existimsreutnr
735 1025 780 1112 ¹),
806 1046 909 1108 operae
933 1025 1064 1106 pretium
1081 1045 1148 1086 esse
1171 1024 1309 1097 videtur,
1334 1026 1378 1085 in-

225 1205 227 1212 p
281 1141 416 1224 quirere,
446 1136 555 1208 auiis,
585 1155 654 1218 quse
680 1134 713 1193 iu
744 1154 829 1194 sacra
852 1131 1001 1212 scriptura
1022 1131 1080 1191 hac
1109 1131 1147 1210 de
1168 1149 1202 1189 re
1224 1131 1377 1190 memorie

279 1245 402 1328 prodita
422 1243 495 1315 siut,
524 1241 579 1301 illa
600 1239 750 1300 sententia
769 1237 934 1298 muniatur.
957 1271 1002 1288 -
1020 1234 1142 1296 Relatio
1164 1234 1203 1294 de
1223 1235 1285 1308 iis,
1313 1256 1377 1318 quae

280 1347 504 1429 Hierosolymis
525 1346 693 1426 agebantur
713 1344 843 1405 Paulum
872 1343 954 1402 inter
982 1347 1169 1420 caeterosque
1196 1340 1278 1400 Jesu
1307 1362 1378 1422 apo·

281 1454 392 1526 stolos,
416 1451 546 1532 duplicis
570 1449 689 1531 generis
707 1455 766 1509 est.
820 1448 956 1528 Contigit
979 1445 1058 1506 enim
1079 1444 1192 1518 Paulo,
1215 1451 1377 1529 antequam
1421 1473 1422 1508 1

281 1559 321 1621 ad
343 1557 577 1619 deliberationes
605 1555 637 1616 in
661 1561 812 1617 conventu
834 1553 959 1634 publico
979 1558 1160 1634 perventum
1180 1551 1234 1624 sit,
1264 1552 1376 1614 doctri·

281 1686 363 1737 nam,
386 1683 476 1745 quam
497 1661 578 1721 inter
593 1660 721 1742 gentiles
742 1659 890 1732 traderet,
911 1659 1058 1740 apostolis
1074 1657 1235 1718 autoritute
1250 1659 1376 1718 maxime

282 1768 466 1852 conspicuis,
485 1766 618 1840 Jacoho,
639 1765 750 1838 Petro,
770 1765 918 1838 Juhauni,
936 1763 1077 1846 privatim
1100 1754 1187 1850 (κατ’
1202 1759 1311 1848 ἰδίαν)
1330 1785 1375 1824 ac·
1402 1765 1404 1772 ’

283 1876 416 1938 curatius
435 1893 601 1954 exponere.
662 1872 741 1948 Qum
764 1871 826 1932 huc
846 1870 1013 1952 pertinent,
1047 1868 1164 1928 Poulru
1194 1867 1261 1948 ipse
1284 1869 1375 1929 trudi·

283 1981 328 2041 dit
345 1981 378 2040 in
398 1977 528 2059 epistole
550 1977 590 2038 ad
614 1976 685 2037 Gal.
708 1977 742 2049 2,
765 1977 853 2039 l-ll.
908 1976 988 2037 Tres
1015 1973 1062 2034 illi
1088 1973 1221 2054 apostoli
1242 1973 1375 2054 insignes

282 2080 360 2145 nihil
384 2083 529 2144 dochinae
552 2080 618 2162 ejus
639 2080 841 2161 adjiciendum
861 2100 928 2140 csse
943 2078 1130 2160 judicarunt,
1153 2070 1253 2145 οὐδὲν
1273 2101 1376 2162 προς.

282 2189 491 2256 ανέθεντοι.
510 2189 533 2250 o
552 2208 611 2269 qua
632 2207 707 2246 voce
732 2184 1045 2266 significarinidetur,
1069 2185 1239 2264 presertim
1262 2185 1290 2244 si
1310 2206 1376 2244 cou-

190 2313 193 2320 “
282 2297 361 2357 seras
391 2294 462 2357 Act.
486 2271 541 2366 1'5,
568 2273 624 2365 28,
654 2311 707 2350 eos
737 2291 818 2351 haud
846 2289 935 2372 plura
958 2287 1132 2363 addidisse,
1173 2309 1241 2372 quoe
1264 2290 1377 2351 Paulus

188 2447 194 2464 ι
282 2397 608 2462 Ειὶιιιὶεο-Οἱιιίεῑὶιιιίιι
636 2397 818 2478 imperaret,
860 2417 950 2479 quum
980 2415 1047 2478 quse
1071 2395 1108 2456 iis
1128 2394 1193 2478 jam
1220 2398 1378 2480 praescrip-

353 2616 420 2670 (iol.
442 2614 702 2688 2,1,Ἀνέβην-
719 2612 762 2670 uis
776 2639 816 2658 -·
838 2611 908 2672 sosoi
934 2610 1123 2686 dnosdlvpsv,
1149 2613 1179 2668 io
1204 2613 1288 2669 Actis
1315 2633 1377 2670 vero
1420 2547 1421 2620 l

353 2708 426 2778 App.
446 2724 491 2760 rer
518 2707 559 2760 its
584 2706 723 2771 truditur,
751 2723 785 2760 ac
803 2706 827 2760 si
843 2707 970 2772 Paulus,
990 2712 1060 2760 cetu
1080 2706 1260 2760 Antiocheno
1281 2710 1380 2762 cohor·

334 2804 441 2862 lente,
450 2797 506 2852 iter
515 2796 808 2868 Hierosolymitunum
817 2797 1001 2852 instituissetr
1023 2798 1157 2852 nexusitu
1166 2799 1380 2853 constituendus
1420 2805 1421 2878 l

351 2907 412 2945 esso
430 2890 551 2944 videtur.
598 2889 706 2942 Paulus
732 2907 749 2942 a
766 2891 827 2943 Deo
854 2889 977 2943 monitus
1002 2889 1057 2942 iter
1082 2890 1380 2959 Hierosolymitsnum

315 2981 320 2994 ⁸
349 2982 557 3037 instituendum
574 2979 792 3054 essejudicurit,
811 2997 866 3050 quo
885 2981 1044 3034 accuratius
1063 2990 1283 3052 cognosceretur
1295 2983 1380 3047 ratio,

349 3093 411 3148 que
428 3093 484 3130 suu
505 3074 639 3130 doctrine
664 3090 729 3126 cnm
748 3071 877 3124 doctrino
902 3072 1078 3141 reliquorum
1098 3074 1167 3129 Jesu
1184 3075 1379 3144 apostolorum

349 3169 548 3230 intercederet,
575 3185 621 3232 ne,
647 3165 672 3220 si
691 3163 784 3218 ceteri
804 3163 933 3233 Apostoli
959 3163 1052 3218 studio
1075 3180 1128 3219 sus
1145 3183 1244 3219 secum
1263 3155 1379 3234 conjun-

349 3277 420 3330 gere
438 3259 558 3325 nollent,
576 3265 627 3314 aut
644 3257 668 3310 si
686 3273 785 3310 rumor
804 3255 840 3308 ah
859 3256 1028 3310 adversariis
1045 3259 1181 3310 excitatus
1199 3258 1236 3319 de
1256 3259 1379 3312 dissensu

349 3365 455 3419 magno
474 3349 607 3402 doctrina·
625 3347 711 3402 Pauli
738 3353 965 3418 ceterorumque
982 3348 1184 3419 Apostolorum
1211 3348 1304 3402 letius
1325 3365 1377 3400 ser-

353 3444 443 3511 peret,
461 3439 509 3490 vel
527 3438 621 3491 studia
645 3438 733 3507 ipsius
752 3437 834 3492 irrita
852 3438 955 3492 tierent
979 3440 1025 3492 vel
1044 3439 1169 3494 schisma
1194 3439 1326 3493 oriretur
1343 3438 1377 3491 ci·

351 3528 435 3584 vitati
460 3528 619 3582 christiane
646 3529 915 3598 perniciosissimum
936 3525 1052 3600 ’(μὴπωι
1076 3526 1112 3588 sis
1137 3525 1213 3585 savis
1239 3518 1375 3600 spitui

353 3617 471 3690 ἔδραμον
490 3617 601 3685 Gutt,
619 3617 660 3686 2).
713 3621 797 3689 Quod
817 3637 905 3690 quum
922 3621 1104 3676 Antiochenis
1131 3621 1327 3692 exposuisset,
1350 3617 1377 3671 hi

352 3729 418 3765 euru
444 3711 664 3781 Barnahomquo
689 3728 754 3765 cum
777 3712 842 3766 aliis
866 3713 1010 3768 nonnullis
1037 3713 1135 3783 (Tito)
1160 3713 1376 3785 Hierosolymss
1419 3721 1420 3764 1

349 3805 451 3873 legere
469 3803 664 3858 decreverunt.
1419 3769 1420 3858 i

352 3892 608 3947 Vehementissirns
632 3893 760 3949 omnium
781 3897 918 3952 Schrader
937 3897 1010 3963 (Der
1027 3899 1149 3968 Apostet.
1177 3899 1263 3952 Paul.
1284 3897 1305 3950 2
1327 3896 1378 3955 Th.

349 4001 378 4053 p.
399 3982 520 4038 2⁰⁰-219
539 3985 591 4040 clr.
613 4005 640 4056 p.
657 3985 710 4039 hit
726 3989 825 4058 aptio
844 3992 986 4060 spostolus
997 3990 1196 4058 iudeorum,
1188 4007 1216 4044 ιιι
1229 3989 1378 4044 Juoohuu
1419 4003 1420 4010 ¹

350 4074 380 4129 in
399 4081 463 4131 scta
483 4075 604 4148 denique
622 4085 778 4136 conventus
798 4080 955 4151 Apostolici
973 4081 1126 4138 invehitur.

1419 4365 1420 4432 l
