2862 4708
1023 301 1103 388 lot

76 521 135 583 sed
154 523 187 584 bi
207 523 346 584 homines
368 543 431 592 non
451 529 512 584 tam
534 521 573 582 ab
600 519 667 580 aliis
690 509 840 582 contemni
847 565 859 595 ‚
883 518 979 605 ἰιιιιιιιι
1000 525 1076 586 alios
1096 547 1168 588 con-

62 629 212 689 'temnere
243 629 403 715 solebant,
437 651 529 710 quum
561 648 578 687 e
607 627 757 687 contraria
785 621 948 702 o’odeuete
978 629 1045 704 illi,
1080 633 1169 714 quia

77 735 180 796 Paulo
203 734 228 795 l.
251 757 280 794 c.
305 741 585 808 commemorantur,
607 741 748 816 tanquam
768 734 903 796 homines
924 737 1005 796 auxii
1029 735 1060 798 d:
1083 739 1170 798 meti·
1193 785 1196 790 .

76 841 178 901 culosi
191 841 428 926 describantur,
459 841 511 924 qui
533 840 644 913 facile,
675 861 713 900 ne
738 841 909 922 opprobriis
937 842 1065 903 aliorum
1085 852 1171 926 pete·

75 956 197 1020 rentur,
220 948 327 1008 adduci
347 955 491 1028 possent,
526 954 580 1019 ut,
609 953 795 1028 repugnante
824 947 957 1029 quamvis
988 949 1170 1010 conscientia

76 1055 228 1134 ipsorum,
249 1053 341 1128 idem,
371 1055 454 1136 quod
470 1053 594 1136 reliqui,
626 1053 685 1112 sibi
705 1051 933 1134 permitterent3
964 1053 996 1114 id
1019 1057 1102 1138 quod
1122 1077 1170 1116 se·
1195 1049 1198 1056 ’

78 1161 154 1221 dulo
179 1143 349 1221 evitandum
371 1181 452 1233 esse,
482 1159 615 1241 graviter
636 1165 739 1252 monet
760 1156 927 1239 Apostolus
952 1165 1017 1236 (vv.
1041 1163 1092 1223 14.
1115 1163 1169 1226 lt.

77 1269 134 1330 20.
156 1269 224 1348 23).
271 1267 398 1328 Rectius
421 1266 514 1348 igitur
541 1265 721 1326 abstinentia
748 1263 872 1327 illorum
900 1255 1053 1328 bominum
1084 1289 1172 1349 repe·

77 1373 174 1434 tenda
194 1379 279 1460 este
301 1371 505 1432 sollicitudine
525 1371 703 1432 Christianis
724 1371 892 1454 praesertim
915 1371 997 1434 illius
1013 1374 1069 1434 aevi
1091 1373 1173 1435 baud

76 1479 222 1553 insolita,
256 1499 298 1544 ne
329 1485 483 1560 precepto
514 1478 700 1559 apostolico:
743 1476 805 1564 τῆς
845 1471 969 1564 σαρκός
1005 1470 1172 1564 πρόνοιαν
1229 1481 1231 1490 '

76 1578 130 1670 μή
161 1591 320 1650 ποιεῖσθε
353 1587 402 1657 εἰς
428 1582 623 1669 ἐπιθυμίας
652 1585 774 1646 omnino
795 1585 967 1646 satisfieret.
1019 1587 1170 1662 Quonim

80 1709 158 1750 vero
179 1690 350 1750 obseruatio
374 1710 495 1770 quoqne
514 1689 653 1749 ”dierum
676 1691 884 1770 quorundam'’
908 1692 1020 1750 diserte
1043 1713 1173 1753 comme·

81 1802 220 1856 moratur
250 1797 296 1872 (r.
317 1793 368 1868 5),
392 1793 524 1874 cogitare
551 1793 642 1864 licet,
673 1794 809 1874 inprimis
834 1795 860 1854 si
885 1795 1021 1854 conferas
1047 1795 1117 1856 Col.
1139 1799 1174 1870 2,
1282 1811 1291 1834 ·

80 1904 137 1974 lo,
161 1901 201 1961 de
225 1898 418 1972 Christianis,
441 1899 492 1981 qui
514 1899 642 1964 asceticn
663 1899 763 1960 studio
783 1899 1002 1973 incumbentes,
1026 1901 1065 1962 ad
1085 1903 1175 1964 disei-
1259 1923 1269 1942 1

79 2008 196 2090 plinam
215 2005 387 2088 judaicam,
420 2005 532 2086 qrsippe
561 2024 630 2086 quae
652 2004 723 2066 buio
745 2005 872 2066 oonsilio
893 2006 1005 2086 optime
1028 2007 1179 2069 inservire

81 2114 142 2195 ipsi
159 2113 329 2182 videretur,
351 2131 384 2170 se
406 2118 634 2200 componerent,
657 2111 734 2172 adeo
757 2118 870 2186 tamem
902 2119 936 2172 ut
955 2122 1107 2196 praecepta
1130 2115 1174 2176 le·

84 2221 130 2301 gis
146 2219 292 2282 Moesicae
313 2217 351 2276 do
368 2217 436 2276 cibo
457 2223 592 2299 potuque
616 2213 853 2299 ad'ripidiorem
876 2219 1066 2280 severitatem
1087 2241 1175 2284 ravo·

84 2333 201 2398 carent,
225 2345 315 2407 quam
325 2305 400 2405 'qum
412 2325 443 2383 in
454 2324 523 2405 lege
536 2323 632 2386 Masis
651 2327 830 2407 praescripta
848 2329 941 2388 esset.
993 2325 1045 2386 Sic
1059 2325 1178 2388 demum

85 2432 285 2513 intelligitur,
326 2451 380 2490 eur
407 2430 522 2495 Paulus
547 2430 671 2491 eandem
700 2453 769 2498 cum
789 2433 826 2492 iis
845 2431 955 2514 agendi
977 2431 1123 2498 rationem
1146 2440 1178 2494 et

87 2539 157 2620 ipse
178 2535 346 2598 observarit
372 2535 402 2598 <t
427 2537 503 2598 alios
525 2536 686 2604 observare
710 2537 838 2622 jusserit
864 2560 900 2599 ae
919 2559 987 2600 cnm
1012 2539 1177 2600 Corinthiis

89 2643 175 2715 illis,
209 2643 260 2725 qui
287 2641 457 2724 idolothyta
485 2625 644 2708 comedere
670 2643 853 2706 dubitarent.
908 2645 1016 2728 Neque
1036 2646 1115 2712 enim
1135 2646 1178 2708 ibi

89 2771 160 2810 cum
180 2748 350 2811 hominibus
372 2750 535 2830 agebatur,
575 2751 627 2833 qui
649 2751 818 2832 arrogantia
841 2751 914 2811 elatl
933 2752 1063 2833 pretium
1086 2753 1178 2816 absti-

89 2856 202 2918 nentiae
223 2863 355 2916 externo
377 2856 596 2931 adscriberent,
630 2857 713 2940 quod
731 2857 877 2939 majorem
899 2858 958 2918 [lei
977 2859 1112 2918 favorem
1133 2858 1179 2936 ip·

89 2963 132 3024 sis
154 2961 345 3048 conciliaret,
380 2962 531 3052 sedeunt
553 2963 724 3028 hominibus
753 2963 918 3043 religiosis,
955 2963 1007 3042 qui
1030 2957 1180 3040 scrupulis

91 3067 283 3133 conscientie
299 3067 531 3148 impedirentur,
565 3067 724 3149 quominus
737 3067 879 3128 libertate
895 3072 1066 3136 uterentur,
1092 3086 1181 3150 qnam

37 3191 43 3208 ¹
90 3181 193 3236 tamen
216 3193 340 3236 assensu
361 3193 416 3235 suo
435 3170 576 3254 amplecti
595 3172 677 3234 baud
694 3193 763 3232 raro
786 3161 933 3252 cuperent
954 3173 999 3248 (v.
1024 3168 1092 3252 23).

184 3279 234 3342 Ad
246 3279 335 3344 idem
355 3278 509 3338 hominum
530 3299 624 3359 genus
643 3271 757 3338 omnes*
776 3278 798 3337 ii
819 3276 949 3358 deniqne
970 3269 1182 3342 annumerandi

92 3393 165 3452 sunt
181 3385 489 3458 ‚Iudaeo-Gbristlani,
534 3373 593 3466 ¹(pni
614 3384 722 3447 timore
743 3383 840 3457 ducti,
872 3405 910 3443 ne
931 3384 1030 3444 Deum
1052 3385 1182 3448 offende-

83 3503 183 3568 rent,
214 3517 232 3556 a
258 3514 291 3553 se
313 3493 476 3574 impetrare
496 3511 557 3553 non
580 3497 726 3572 possent,
756 3499 792 3551 ut
812 3490 999 3572 disciplinam
1019 3492 1183 3556 Mosaieam

83 3602 217 3690 omnino
240 3601 528 3670 manutenerent,
553 3597 694 3680 quamvis
717 3598 814 3680 probe
835 3604 985 3670 tenerent,
1006 3599 1123 3664 nullum
1143 3619 1183 3658 ex

94 3681 306 3770 observatione
330 3705 395 3788 ejus
423 3706 554 3788 pretium
576 3705 634 3765 sibi
661 3705 817 3766 accedere.
871 3705 915 3776 Hi
947 3705 1098 3787 quidem'
1088 3725 1183 3786 smpe-

94 3814 229 3877 dimentn
251 3811 454 3892 objiciebant,
494 3812 652 3900 quominus
683 3811 839 3874 liberalior
867 3811 958 3872 Pauli
987 3812 1123 3874 doctrina
1144 3809 1182 3868 ab

93 3921 236 3984 omnibus
257 3921 464 3999 reciperetur3
487 3926 615 3980 attamen
632 3939 692 4004 non
712 3925 773 3978 tam
796 3899 951 3989 Paulum,
961 3909 1013 3998 qui
1032 3917 1196 3995 sapienter·

95 4027 135 4093 ed
159 4047 259 4092 mores
278 4045 382 4092 eorum
405 4045 437 4088 se
460 4025 687 4111 attemperavit,
718 4027 749 4106 (t
735 4023 850 4090 tttor
873 4025 907 4095 o,
929 4024 985 4100 21)
1007 4041 1096 4107 quam
1119 4039 1183 4083 sec·
