2864 4712
249 457 306 570 td,
325 493 380 586 28.
402 446 519 558 lllor.
541 489 594 564 ld,
615 491 663 571 8).
715 488 781 551 Sed
809 490 841 550 in
868 485 929 550 bse'
953 487 1211 569 argumentstione
1235 487 1354 550 ntends

250 600 367 664 Paulus
388 619 451 660 non
472 617 538 658 eom
558 596 645 679 sequi
665 601 788 677 poteret
810 595 906 656 libros
930 613 1033 655 sseros
1056 594 1283 676 interpretsndi
1308 616 1355 654 rs-

250 707 385 778 tiouem,
415 725 505 786 quem
526 721 583 762 nos
607 699 817 762 commendere
840 699 984 761 solemus.
1039 699 1117 760 lime
1141 701 1223 760 enim
1244 721 1355 782 purum

251 809 450 872 satisfecisset
481 807 632 868 desiderio
661 805 853 888 populsrrism
884 803 971 886 ejus,
1017 806 1131 888 qnippe
1155 806 1209 888 qui
1235 805 1353 884 sllegu·

250 916 315 980 ries
335 913 366 977 ds
386 914 487 996 typios
510 933 666 976 suesorum
695 918 957 972 monumentorum
986 911 1190 992 explieutione
1222 911 1353 970 maimo
1420 893 1423 948 Ῐ

251 1020 488 1084 detestarentur.
544 1020 648 1096 Quum
674 1017 764 1078 nobis
794 1017 887 1098 igitur
915 1016 1134 1097 argumentatio
1159 1036 1177 1075 e
1204 1015 1354 1078 vstieiniis
1396 1044 1402 1050 ·

251 1126 470 1211 prophetorum
492 1123 533 1184 V.
560 1124 600 1191 Τ.
631 1123 727 1204 petits
758 1142 796 1182 eo
817 1120 921 1184 velere
942 1121 1103 1194 videntur,
1137 1126 1173 1180 nt
1195 1126 1355 1201 sppsrest,

253 1231 407 1316 quomodo
430 1231 581 1310 Supremo
602 1226 733 1290 Numine
754 1234 860 1288 sutore
885 1247 956 1307 spes
979 1225 1019 1286 de
1041 1225 1156 1288 diessis
1179 1247 1198 1286 s
1221 1225 1354 1306 propbe-

251 1339 293 1398 tis
314 1337 445 1397 exeitsts
458 1333 489 1395 de
503 1333 616 1410 nutrite
639 1333 726 1413 operi
746 1330 837 1412 bujns
860 1331 953 1412 legsti
981 1331 1075 1394 divini
1099 1329 1354 1413 prsepursudoda

251 1439 415 1504 muniendo
437 1437 611 1510 inserviret,
631 1437 747 1498 Judmi.
762 1437 793 1496 in
821 1435 946 1518 siugulis
977 1457 1070 1498 sserae
1094 1438 1256 1518 scripture
1278 1437 1355 1498 loeis

252 1545 452 1608 subsistentes
481 1549 572 1626 typos
600 1539 631 1602 d
653 1541 866 1622 praedictiones
895 1542 1092 1625 qumrebsnt,
1135 1563 1213 1624 quss
1241 1541 1301 1604 vita
1323 1540 1356 1602 ds

252 1649 323 1710 tetis
344 1648 424 1708 «lesu
444 1646 566 1709 blessise
596 1665 755 1728 expresses
779 1647 884 1709 videre
908 1654 1066 1728 superent.
1126 1648 1212 1709 Hine
1234 1667 1355 1730 qnoque

252 1755 367 1816 t'oetum
388 1759 449 1826 est,
472 1759 507 1814 ut
529 1751 664 1826 Psnlss,
702 1773 792 1835 quern
820 1753 851 1814 in
867 1751 991 1834 judsies
1014 1752 1111 1814 libros
1135 1773 1241 1834 saeros
1265 1753 1356 1812 inter·

252 1859 394 1943 pretendi
415 1859 532 1920 rstione
548 1858 784 1920 versutissimum
805 1859 898 1918 luisse
919 1858 1033 1940 scriptu
1054 1858 1120 1940 ejus
1138 1859 1213 1918 sutis
1231 1857 1356 1930 docent,
1423 1919 1424 1924 ,

252 1965 336 2028 bend
357 1983 426 2028 soro
449 1963 488 2022 sd
517 1970 600 2022 eerts
621 1963 758 2045 qondam
779 1964 866 2024 ed'stu
887 1962 1037 2024 librorum
1057 1963 1100 2024 V.
1126 1965 1168 2024 Τ.
1194 1970 1355 2045 provocet,

255 2087 336 2152 quse,
361 2068 388 2127 si
407 2067 540 2148 singulas
567 2087 659 2128 voees
684 2068 786 2148 potius
807 2089 897 2149 qnsm
918 2089 1032 2130 nexum
1054 2069 1202 2130 orationis
1223 2075 1356 2149 spectes,

254 2163 407 2258 probent,
439 2171 558 2254 singule
578 2191 708 2254 qumque
731 2177 883 2234 momente
902 2174 1038 2236 bistoriae
1059 2175 1140 2235 deso
1164 2175 1292 2234 omnino
1308 2173 1359 2232 re·
1425 2187 1426 2256 t

255 2279 408 2362 spondero
430 2278 520 2338 distis
544 2277 774 2360 prophetorum.
832 2278 870 2340 ln
891 2280 1028 2340 orstione
1053 2280 1148 2360 igitur
1170 2279 1212 2339 sd
1232 2279 1359 2340 tudens
1425 2271 1426 2334 ἶ

246 2382 463 2448 'Antioobeuos
482 2382 585 2442 babitu
601 2382 769 2462 Apostolus
789 2404 849 2444 nou
867 2384 900 2444 in
922 2385 1142 2446 universaliore
1161 2405 1271 2445 rernm
1290 2403 1359 2444 eon·

256 2487 440 2578 sideratione
461 2486 611 2558 subsistit,
639 2507 711 2568 quse
733 2486 853 2561 doeeot,
884 2497 1015 2551 mortem
1039 2489 1156 2552 Gbrs'sti
1171 2489 1240 2570 jem
1262 2490 1296 2550 in
1318 2487 1358 2548 V.

255 2593 298 2654 Τ.
324 2611 391 2650 esse
413 2591 592 2672 praediotsm
623 2611 728 2652 verum
754 2592 842 2654 etiem
870 2594 1080 2656 demonstrare
1099 2595 1234 2668 studet,
1265 2595 1359 2675 ipsam

146 2715 149 2726 ’
256 2695 474 2758 eontumsoiem
507 2695 615 2778 populi
645 2697 935 2780 Hierosolymitsni,
972 2702 1022 2762 eni
1043 2702 1138 2762 «lesus
1163 2699 1360 2762 sueoubuerit
1423 2743 1427 2892 ⁴

256 2805 304 2878 (v.
327 2801 399 2876 27),
432 2799 506 2882 qnid
535 2820 623 2872 vero,
651 2800 751 2882 ipsum
773 2803 954 2885 supplioinm
984 2806 1217 2886 turpissimum,
1254 2825 1317 2888 qno
1345 2825 1362 2863 s

255 2903 421 2987 gentilibus
442 2905 565 2964 effeetus
586 2905 679 2966 fuerit
701 2907 745 2988 (v.
769 2909 824 2972 28.
846 2911 930 2990 29.),
953 2910 1102 2972 vaticiniis
1122 2920 1266 2972 veterum
1287 2929 1361 2991 pro·
1426 2961 1427 2990 ,

252 3011 417 3098 pheturum
441 3010 600 3091 explendis
620 3011 805 3074 inserviisse.
1426 2995 1427 3032 ¹

350 3117 614 3194 Quemadmodum
636 3137 710 3180 vero
731 3118 868 3190 otl'ensio,
891 3107 958 3199 q'uae
973 3138 1012 3178 ex
1030 3118 1155 3199 indigus
1179 3125 1282 3193 sorte,
1306 3139 1362 3201 qus

255 3220 350 3280 «lesus
373 3243 446 3281 usus
470 3231 549 3294 eret,
572 3223 691 3284 Judaeis
713 3224 787 3284 oriri
809 3230 948 3304 poteret,
979 3223 1212 3297 removebatur,
1247 3225 1304 3284 ubi
1321 3225 1363 3282 in·

254 3322 414 3382 tellectum
434 3327 539 3398 tuerit,
563 3328 650 3388 eliste
665 3348 821 3390 sacrorum
835 3335 936 3390 retum
957 3327 1023 3388 buo
1041 3329 1123 3388 iuter
1136 3329 1266 3392 eriteris
1282 3331 1363 3392 bles·

256 3424 390 3505 siaejnm
412 3427 560 3488 iudioesse
572 3471 583 3501 ,
620 3431 663 3490 itu
681 3433 865 3494 resurreetio
890 3432 968 3493 Jesn
989 3433 1157 3492 emortuis
1183 3435 1291 3516 omnis
1312 3435 1364 3494 du·

254 3531 328 3600 bio,
361 3549 428 3610 qnos
452 3532 614 3592 etiamnum
634 3543 830 3613 superessent
852 3537 891 3628 de
914 3536 1068 3600 Messium
1089 3535 1158 3618 ejus
1183 3541 1363 3612 sutoritnte,

255 3634 368 3698 tollere
392 3634 535 3697 debebat.
586 3635 671 3713 (det.
692 3639 745 3712 1³,
768 3642 822 3702 81.
844 3642 899 3722 8³)

346 3738 430 3800 liuie
452 3740 546 3819 igitur
562 3749 766 3819 parmomo,
796 3743 881 3823 enjus
901 3751 1085 3824 potestatem
1105 3745 1230 3806 Paulus
1256 3747 1365 3808 eonirv

255 3861 338 3907 more
359 3843 500 3906 studebat
521 3845 771 3918 demonstrando,
793 3848 883 3922 otium
902 3847 980 3907 beno
994 3870 1061 3910 rem
1079 3849 1252 3912 indiostsm
1274 3855 1366 3912 fuisso

253 3969 271 4010 s
292 3945 451 4028 prophetis
471 3949 512 4010 V.
537 3950 579 4010 T.
605 3948 690 4022 (dot.
714 3952 768 4024 13,
795 3953 904 4014 etl-³8.
929 3953 991 4042 26,Ἰ
1015 3955 1048 4016 7.
1069 3951 1125 4018 22.
1153 3958 1215 4018 eft.
1246 3961 1266 4020 1
1291 3959 1364 4020 (lor.

144 4089 150 4096 ·
247 4055 307 4129 15,
328 4052 377 4134 4),
399 4073 459 4117 noo
473 4054 574 4142 potuit
590 4073 650 4116 nou
669 4075 813 4122 summam
834 4056 894 4122 viu
912 4055 1062 4137 tribuere,
1084 4060 1164 4123 eden
1186 4069 1225 4128 ut
1244 4082 1367 4149 semper
