<?xml version="1.0" encoding="UTF-8"?>
<!DOCTYPE html PUBLIC "-//W3C//DTD XHTML 1.0 Transitional//EN"
    "http://www.w3.org/TR/xhtml1/DTD/xhtml1-transitional.dtd">
<html xmlns="http://www.w3.org/1999/xhtml" xml:lang="en" lang="en">
 <head>
  <title>
</title>
<meta http-equiv="Content-Type" content="text/html;charset=utf-8" />
  <meta name='ocr-system' content='tesseract 3.04.00' />
  <meta name='ocr-capabilities' content='ocr_page ocr_carea ocr_par ocr_line ocrx_word'/>
</head>
<body>
  <div class='ocr_page' id='page_1' title='image "./depauloapostolo00schagoog_0137.png"; bbox 0 0 2862 4708; ppageno 0'>
   <div class='ocr_carea' id='block_1_1' title="bbox 297 212 381 300">
    <p class='ocr_par' dir='ltr' id='par_1_1' title="bbox 297 212 381 300">
     <span class='ocr_line' id='line_1_1' title="bbox 297 212 381 300; baseline 0 0"><span class='ocrx_word' id='word_1_1' title='bbox 297 212 381 300; x_wconf 76' lang='grc'>116</span> 
     </span>
    </p>
   </div>
   <div class='ocr_carea' id='block_1_2' title="bbox 166 427 1328 834">
    <p class='ocr_par' dir='ltr' id='par_1_2' title="bbox 166 427 1328 834">
     <span class='ocr_line' id='line_1_2' title="bbox 166 427 1327 513; baseline -0.008 -16"><span class='ocrx_word' id='word_1_2' title='bbox 166 497 177 509; x_wconf 84' lang='grc'><em>,</em></span> <span class='ocrx_word' id='word_1_3' title='bbox 226 433 317 498; x_wconf 76' lang='lat' dir='ltr'>l’auli</span> <span class='ocrx_word' id='word_1_4' title='bbox 339 429 371 494; x_wconf 79' lang='lat' dir='ltr'>th</span> <span class='ocrx_word' id='word_1_5' title='bbox 394 429 546 513; x_wconf 91' lang='lat' dir='ltr'>Apollinis</span> <span class='ocrx_word' id='word_1_6' title='bbox 570 429 738 492; x_wconf 83' lang='lat' dir='ltr'>doetriuam</span> <span class='ocrx_word' id='word_1_7' title='bbox 770 427 855 488; x_wconf 85' lang='lat' dir='ltr'>nulla</span> <span class='ocrx_word' id='word_1_8' title='bbox 876 427 1081 510; x_wconf 67' lang='lat' dir='ltr'>discrepantia</span> <span class='ocrx_word' id='word_1_9' title='bbox 1102 429 1327 502; x_wconf 75' lang='lat' dir='ltr'>intercedebat,</span> 
     </span>
     <span class='ocr_line' id='line_1_3' title="bbox 227 533 1324 624; baseline -0.006 -24"><span class='ocrx_word' id='word_1_10' title='bbox 227 561 320 624; x_wconf 85' lang='lat' dir='ltr'>quum</span> <span class='ocrx_word' id='word_1_11' title='bbox 343 537 457 599; x_wconf 82' lang='lat' dir='ltr'>Paulus</span> <span class='ocrx_word' id='word_1_12' title='bbox 489 537 555 617; x_wconf 86' lang='lat' dir='ltr'>ipse</span> <span class='ocrx_word' id='word_1_13' title='bbox 576 535 753 616; x_wconf 78' lang='lat' dir='ltr'>Apollinem</span> <span class='ocrx_word' id='word_1_14' title='bbox 781 534 840 594; x_wconf 92' lang='lat' dir='ltr'>sibi</span> <span class='ocrx_word' id='word_1_15' title='bbox 863 533 1144 614; x_wconf 81' lang='lat' dir='ltr'>conjunctissimum</span> <span class='ocrx_word' id='word_1_16' title='bbox 1168 533 1201 596; x_wconf 74' lang='lat' dir='ltr'>ds</span> <span class='ocrx_word' id='word_1_17' title='bbox 1225 535 1324 614; x_wconf 70' lang='lat' dir='ltr'>geum·</span> 
     </span>
     <span class='ocr_line' id='line_1_4' title="bbox 227 638 1326 724; baseline -0.006 -17"><span class='ocrx_word' id='word_1_18' title='bbox 227 667 300 706; x_wconf 87' lang='lat' dir='ltr'>num</span> <span class='ocrx_word' id='word_1_19' title='bbox 334 641 482 724; x_wconf 76' lang='lat' dir='ltr'>evangelii</span> <span class='ocrx_word' id='word_1_20' title='bbox 513 641 670 702; x_wconf 83' lang='lat' dir='ltr'>duetorem</span> <span class='ocrx_word' id='word_1_21' title='bbox 706 638 853 720; x_wconf 76' lang='lat' dir='ltr'>praedicet</span> <span class='ocrx_word' id='word_1_22' title='bbox 883 639 915 716; x_wconf 86' lang='lat' dir='ltr'>(l</span> <span class='ocrx_word' id='word_1_23' title='bbox 940 639 1016 699; x_wconf 90' lang='lat' dir='ltr'>Cor.</span> <span class='ocrx_word' id='word_1_24' title='bbox 1041 641 1076 712; x_wconf 72' lang='grc'>3,</span> <span class='ocrx_word' id='word_1_25' title='bbox 1095 641 1190 716; x_wconf 77' lang='grc'>4-6);</span> <span class='ocrx_word' id='word_1_26' title='bbox 1223 661 1326 701; x_wconf 84' lang='lat' dir='ltr'>verum</span> 
     </span>
     <span class='ocr_line' id='line_1_5' title="bbox 228 745 1328 834; baseline -0.004 -26"><span class='ocrx_word' id='word_1_27' title='bbox 228 751 281 834; x_wconf 88' lang='lat' dir='ltr'>qui</span> <span class='ocrx_word' id='word_1_28' title='bbox 300 747 438 830; x_wconf 78' lang='lat' dir='ltr'>Apollini</span> <span class='ocrx_word' id='word_1_29' title='bbox 460 745 674 817; x_wconf 66' lang='lat' dir='ltr'>adherebant,</span> <span class='ocrx_word' id='word_1_30' title='bbox 708 745 884 824; x_wconf 67' lang='lat' dir='ltr'>magistrum</span> <span class='ocrx_word' id='word_1_31' title='bbox 908 765 996 803; x_wconf 89' lang='lat' dir='ltr'>suum</span> <span class='ocrx_word' id='word_1_32' title='bbox 1018 752 1149 825; x_wconf 90' lang='lat' dir='ltr'>propter</span> <span class='ocrx_word' id='word_1_33' title='bbox 1173 746 1328 817; x_wconf 74' lang='lat' dir='ltr'>eximiam,</span> 
     </span>
    </p>
   </div>
   <div class='ocr_carea' id='block_1_3' title="bbox 100 848 1329 938">
    <p class='ocr_par' dir='ltr' id='par_1_3' title="bbox 100 848 1329 938">
     <span class='ocr_line' id='line_1_6' title="bbox 100 848 1329 938; baseline -0.003 -24"><span class='ocrx_word' id='word_1_34' title='bbox 100 871 104 890; x_wconf 86' lang='lat'><strong>·</strong></span> <span class='ocrx_word' id='word_1_35' title='bbox 227 877 288 938; x_wconf 83' lang='lat' dir='ltr'>qun</span> <span class='ocrx_word' id='word_1_36' title='bbox 306 851 492 924; x_wconf 82' lang='lat' dir='ltr'>exeellebat,</span> <span class='ocrx_word' id='word_1_37' title='bbox 514 851 636 912; x_wconf 82' lang='lat' dir='ltr'>dicendi</span> <span class='ocrx_word' id='word_1_38' title='bbox 661 849 848 920; x_wconf 77' lang='lat' dir='ltr'>facultatem,</span> <span class='ocrx_word' id='word_1_39' title='bbox 881 848 994 922; x_wconf 87' lang='lat' dir='ltr'>Paulo,</span> <span class='ocrx_word' id='word_1_40' title='bbox 1024 851 1140 910; x_wconf 81' lang='lat' dir='ltr'>oratori</span> <span class='ocrx_word' id='word_1_41' title='bbox 1162 851 1264 910; x_wconf 84' lang='lat' dir='ltr'>minus</span> <span class='ocrx_word' id='word_1_42' title='bbox 1288 853 1329 910; x_wconf 81' lang='lat' dir='ltr'>sa·</span> 
     </span>
    </p>
   </div>
   <div class='ocr_carea' id='block_1_4' title="bbox 227 952 1418 2506">
    <p class='ocr_par' dir='ltr' id='par_1_4' title="bbox 227 952 1418 2506">
     <span class='ocr_line' id='line_1_7' title="bbox 227 952 1328 1040; baseline -0.007 -18"><span class='ocrx_word' id='word_1_43' title='bbox 227 959 329 1022; x_wconf 84' lang='lat' dir='ltr'>eundo</span> <span class='ocrx_word' id='word_1_44' title='bbox 346 958 571 1040; x_wconf 70' lang='lat' dir='ltr'>anteponebant</span> <span class='ocrx_word' id='word_1_45' title='bbox 589 975 687 1038; x_wconf 88' lang='lat' dir='ltr'>eoque</span> <span class='ocrx_word' id='word_1_46' title='bbox 711 953 801 1014; x_wconf 82' lang='lat' dir='ltr'>Pauli</span> <span class='ocrx_word' id='word_1_47' title='bbox 824 952 936 1013; x_wconf 88' lang='lat' dir='ltr'>amieos</span> <span class='ocrx_word' id='word_1_48' title='bbox 960 954 1164 1015; x_wconf 76' lang='lat' dir='ltr'>offendebant.</span> <span class='ocrx_word' id='word_1_49' title='bbox 1214 956 1328 1036; x_wconf 77' lang='lat' dir='ltr'>Apollo</span> 
     </span>
     <span class='ocr_line' id='line_1_8' title="bbox 227 1059 1327 1148; baseline -0.005 -22"><span class='ocrx_word' id='word_1_50' title='bbox 227 1065 294 1148; x_wconf 86' lang='lat' dir='ltr'>ipse</span> <span class='ocrx_word' id='word_1_51' title='bbox 325 1063 435 1124; x_wconf 85' lang='lat' dir='ltr'>horum</span> <span class='ocrx_word' id='word_1_52' title='bbox 465 1063 659 1124; x_wconf 71' lang='lat' dir='ltr'>dissidiorum</span> <span class='ocrx_word' id='word_1_53' title='bbox 687 1059 815 1118; x_wconf 81' lang='lat' dir='ltr'>sortasse</span> <span class='ocrx_word' id='word_1_54' title='bbox 843 1065 993 1138; x_wconf 75' lang='lat' dir='ltr'>pertaesus</span> <span class='ocrx_word' id='word_1_55' title='bbox 1021 1061 1055 1136; x_wconf 95' lang='lat' dir='ltr'>(l</span> <span class='ocrx_word' id='word_1_56' title='bbox 1079 1059 1157 1119; x_wconf 89' lang='lat' dir='ltr'>Cor.</span> <span class='ocrx_word' id='word_1_57' title='bbox 1185 1062 1243 1132; x_wconf 85' lang='grc'>16,</span> <span class='ocrx_word' id='word_1_58' title='bbox 1275 1060 1327 1137; x_wconf 77' lang='grc'>12)</span> 
     </span>
     <span class='ocr_line' id='line_1_9' title="bbox 228 1161 1328 1244; baseline -0.007 -13"><span class='ocrx_word' id='word_1_59' title='bbox 228 1169 378 1232; x_wconf 87' lang='lat' dir='ltr'>Corintho</span> <span class='ocrx_word' id='word_1_60' title='bbox 404 1169 586 1230; x_wconf 83' lang='lat' dir='ltr'>diseesserst</span> <span class='ocrx_word' id='word_1_61' title='bbox 609 1173 642 1226; x_wconf 92' lang='lat' dir='ltr'>et</span> <span class='ocrx_word' id='word_1_62' title='bbox 671 1185 740 1224; x_wconf 91' lang='lat' dir='ltr'>eum</span> <span class='ocrx_word' id='word_1_63' title='bbox 760 1161 860 1224; x_wconf 87' lang='lat' dir='ltr'>Paulo</span> <span class='ocrx_word' id='word_1_64' title='bbox 884 1181 921 1222; x_wconf 90' lang='lat' dir='ltr'>es</span> <span class='ocrx_word' id='word_1_65' title='bbox 943 1169 1081 1244; x_wconf 87' lang='lat' dir='ltr'>tempore</span> <span class='ocrx_word' id='word_1_66' title='bbox 1103 1163 1226 1244; x_wconf 85' lang='lat' dir='ltr'>Ephesi</span> <span class='ocrx_word' id='word_1_67' title='bbox 1246 1164 1328 1223; x_wconf 75' lang='lat' dir='ltr'>nmi-</span> 
     </span>
     <span class='ocr_line' id='line_1_10' title="bbox 227 1267 1324 1355; baseline -0.006 -20"><span class='ocrx_word' id='word_1_68' title='bbox 227 1273 344 1336; x_wconf 86' lang='lat' dir='ltr'>liariter</span> <span class='ocrx_word' id='word_1_69' title='bbox 365 1274 556 1346; x_wconf 71' lang='lat' dir='ltr'>vertebatur,</span> <span class='ocrx_word' id='word_1_70' title='bbox 587 1291 648 1355; x_wconf 91' lang='lat' dir='ltr'>quo</span> <span class='ocrx_word' id='word_1_71' title='bbox 670 1267 839 1349; x_wconf 88' lang='lat' dir='ltr'>Apostolus</span> <span class='ocrx_word' id='word_1_72' title='bbox 860 1267 1017 1348; x_wconf 85' lang='lat' dir='ltr'>priorem,</span> <span class='ocrx_word' id='word_1_73' title='bbox 1050 1289 1118 1348; x_wconf 70' lang='lat' dir='ltr'>quse</span> <span class='ocrx_word' id='word_1_74' title='bbox 1138 1269 1238 1350; x_wconf 78' lang='lat' dir='ltr'>vulgo</span> <span class='ocrx_word' id='word_1_75' title='bbox 1257 1271 1324 1328; x_wconf 88' lang='lat' dir='ltr'>diei·</span> 
     </span>
     <span class='ocr_line' id='line_1_11' title="bbox 228 1363 1418 1457; baseline -0.007 -18"><span class='ocrx_word' id='word_1_76' title='bbox 228 1385 300 1450; x_wconf 88' lang='lat' dir='ltr'>tur,</span> <span class='ocrx_word' id='word_1_77' title='bbox 329 1376 488 1457; x_wconf 79' lang='lat' dir='ltr'>epistolam</span> <span class='ocrx_word' id='word_1_78' title='bbox 520 1375 559 1436; x_wconf 83' lang='lat' dir='ltr'>ad</span> <span class='ocrx_word' id='word_1_79' title='bbox 585 1373 761 1436; x_wconf 83' lang='lat' dir='ltr'>Corinthios</span> <span class='ocrx_word' id='word_1_80' title='bbox 784 1372 976 1454; x_wconf 79' lang='lat' dir='ltr'>conseripsit.</span> <span class='ocrx_word' id='word_1_81' title='bbox 1035 1363 1142 1454; x_wconf 74' lang='lat' dir='ltr'>Longe</span> <span class='ocrx_word' id='word_1_82' title='bbox 1175 1374 1238 1434; x_wconf 80' lang='lat' dir='ltr'>alia</span> <span class='ocrx_word' id='word_1_83' title='bbox 1267 1379 1327 1432; x_wconf 83' lang='lat' dir='ltr'>era&#39;t</span> <span class='ocrx_word' id='word_1_84' title='bbox 1417 1437 1418 1454; x_wconf 13' lang='grc' dir='ltr'>χ</span> 
     </span>
     <span class='ocr_line' id='line_1_12' title="bbox 228 1476 1326 1562; baseline -0.005 -21"><span class='ocrx_word' id='word_1_85' title='bbox 228 1481 320 1554; x_wconf 82' lang='lat' dir='ltr'>ratio,</span> <span class='ocrx_word' id='word_1_86' title='bbox 342 1499 409 1562; x_wconf 79' lang='lat' dir='ltr'>quse</span> <span class='ocrx_word' id='word_1_87' title='bbox 431 1477 530 1540; x_wconf 86' lang='lat' dir='ltr'>Paulo</span> <span class='ocrx_word' id='word_1_88' title='bbox 554 1499 623 1538; x_wconf 91' lang='lat' dir='ltr'>oum</span> <span class='ocrx_word' id='word_1_89' title='bbox 647 1477 823 1544; x_wconf 78' lang='lat' dir='ltr'>doctoribus</span> <span class='ocrx_word' id='word_1_90' title='bbox 851 1476 1075 1558; x_wconf 82' lang='lat' dir='ltr'>judaizantibus</span> <span class='ocrx_word' id='word_1_91' title='bbox 1105 1478 1326 1537; x_wconf 79' lang='lat' dir='ltr'>intercedebat·</span> 
     </span>
     <span class='ocr_line' id='line_1_13' title="bbox 228 1582 1327 1664; baseline -0.007 -16"><span class='ocrx_word' id='word_1_92' title='bbox 228 1585 357 1648; x_wconf 84' lang='lat' dir='ltr'>Erudite</span> <span class='ocrx_word' id='word_1_93' title='bbox 380 1583 411 1646; x_wconf 73' lang='lat' dir='ltr'>da</span> <span class='ocrx_word' id='word_1_94' title='bbox 434 1583 588 1643; x_wconf 81' lang='lat' dir='ltr'>subtiliter</span> <span class='ocrx_word' id='word_1_95' title='bbox 616 1589 722 1644; x_wconf 85' lang='lat' dir='ltr'>nostro</span> <span class='ocrx_word' id='word_1_96' title='bbox 746 1582 892 1664; x_wconf 84' lang='lat' dir='ltr'>imprimis</span> <span class='ocrx_word' id='word_1_97' title='bbox 917 1601 984 1644; x_wconf 83' lang='lat' dir='ltr'>aevo</span> <span class='ocrx_word' id='word_1_98' title='bbox 1009 1583 1195 1664; x_wconf 84' lang='lat' dir='ltr'>disputatum</span> <span class='ocrx_word' id='word_1_99' title='bbox 1221 1589 1270 1641; x_wconf 90' lang='lat' dir='ltr'>est</span> <span class='ocrx_word' id='word_1_100' title='bbox 1292 1582 1327 1640; x_wconf 88' lang='lat' dir='ltr'>de</span> 
     </span>
     <span class='ocr_line' id='line_1_14' title="bbox 230 1679 1326 1774; baseline -0.005 -23"><span class='ocrx_word' id='word_1_101' title='bbox 230 1691 424 1762; x_wconf 82' lang='lat' dir='ltr'>taetionibus,</span> <span class='ocrx_word' id='word_1_102' title='bbox 447 1707 516 1770; x_wconf 81' lang='lat' dir='ltr'>queo</span> <span class='ocrx_word' id='word_1_103' title='bbox 535 1686 624 1768; x_wconf 70' lang='lat' dir='ltr'>Petri</span> <span class='ocrx_word' id='word_1_104' title='bbox 645 1679 724 1774; x_wconf 72' lang='lat' dir='ltr'>(lyei</span> <span class='ocrx_word' id='word_1_105' title='bbox 750 1687 787 1754; x_wconf 88' lang='lat' dir='ltr'>de</span> <span class='ocrx_word' id='word_1_106' title='bbox 809 1686 916 1772; x_wconf 75' lang='grc' dir='ltr'><strong><em>Κηφᾶ</em></strong></span> <span class='ocrx_word' id='word_1_107' title='bbox 936 1690 952 1749; x_wconf 92' lang='grc'><strong>1</strong></span> <span class='ocrx_word' id='word_1_108' title='bbox 978 1687 1052 1747; x_wconf 92' lang='lat' dir='ltr'>Cor.</span> <span class='ocrx_word' id='word_1_109' title='bbox 1077 1689 1187 1759; x_wconf 84' lang='grc'><strong>1,12.</strong></span> <span class='ocrx_word' id='word_1_110' title='bbox 1214 1688 1272 1746; x_wconf 84' lang='lat' dir='ltr'>et&#39;r.</span> <span class='ocrx_word' id='word_1_111' title='bbox 1297 1708 1326 1746; x_wconf 79' lang='lat' dir='ltr'>r.</span> 
     </span>
     <span class='ocr_line' id='line_1_15' title="bbox 229 1780 1327 1878; baseline -0.007 -20"><span class='ocrx_word' id='word_1_112' title='bbox 229 1797 263 1867; x_wconf 75' lang='grc'>8,</span> <span class='ocrx_word' id='word_1_113' title='bbox 285 1795 342 1874; x_wconf 80' lang='grc'>22)</span> <span class='ocrx_word' id='word_1_114' title='bbox 364 1793 395 1856; x_wconf 73' lang='lat' dir='ltr'>ds</span> <span class='ocrx_word' id='word_1_115' title='bbox 422 1793 518 1875; x_wconf 87' lang='lat' dir='ltr'>ipsius</span> <span class='ocrx_word' id='word_1_116' title='bbox 551 1791 670 1854; x_wconf 77' lang='lat' dir='ltr'>Christi</span> <span class='ocrx_word' id='word_1_117' title='bbox 694 1785 773 1878; x_wconf 66' lang='grc' dir='ltr'>(ἐγώ</span> <span class='ocrx_word' id='word_1_118' title='bbox 803 1790 839 1858; x_wconf 78' lang='grc' dir='ltr'>δὲ</span> <span class='ocrx_word' id='word_1_119' title='bbox 857 1789 969 1876; x_wconf 65' lang='lat' dir='ltr'>Xerse}</span> <span class='ocrx_word' id='word_1_120' title='bbox 994 1795 1012 1853; x_wconf 97' lang='lat' dir='ltr'>l</span> <span class='ocrx_word' id='word_1_121' title='bbox 1036 1780 1111 1851; x_wconf 85' lang='lat' dir='ltr'>Cor.</span> <span class='ocrx_word' id='word_1_122' title='bbox 1136 1795 1171 1864; x_wconf 93' lang='lat' dir='ltr'>l,</span> <span class='ocrx_word' id='word_1_123' title='bbox 1195 1791 1252 1873; x_wconf 81' lang='lat'>12)</span> <span class='ocrx_word' id='word_1_124' title='bbox 1274 1812 1327 1850; x_wconf 92' lang='lat' dir='ltr'>ne·</span> 
     </span>
     <span class='ocr_line' id='line_1_16' title="bbox 230 1896 1327 1979; baseline -0.003 -19"><span class='ocrx_word' id='word_1_125' title='bbox 230 1899 360 1960; x_wconf 88' lang='lat' dir='ltr'>minibus</span> <span class='ocrx_word' id='word_1_126' title='bbox 382 1899 592 1979; x_wconf 85' lang='lat' dir='ltr'>superbientes</span> <span class='ocrx_word' id='word_1_127' title='bbox 613 1897 764 1978; x_wconf 86' lang='lat' dir='ltr'>Apostolo</span> <span class='ocrx_word' id='word_1_128' title='bbox 786 1903 891 1956; x_wconf 91' lang='lat' dir='ltr'>nostro</span> <span class='ocrx_word' id='word_1_129' title='bbox 915 1896 1056 1956; x_wconf 84' lang='lat' dir='ltr'>Corinthi</span> <span class='ocrx_word' id='word_1_130' title='bbox 1077 1897 1327 1957; x_wconf 80' lang='lat' dir='ltr'>adversabantur.</span> 
     </span>
     <span class='ocr_line' id='line_1_17' title="bbox 230 2001 1327 2084; baseline -0.004 -18"><span class='ocrx_word' id='word_1_131' title='bbox 230 2001 279 2066; x_wconf 81' lang='lat' dir='ltr'>Ne</span> <span class='ocrx_word' id='word_1_132' title='bbox 299 2022 395 2077; x_wconf 81' lang='lat' dir='ltr'>vero,</span> <span class='ocrx_word' id='word_1_133' title='bbox 432 2023 501 2084; x_wconf 85' lang='lat' dir='ltr'>quoe</span> <span class='ocrx_word' id='word_1_134' title='bbox 529 2002 593 2083; x_wconf 82' lang='lat' dir='ltr'>jam</span> <span class='ocrx_word' id='word_1_135' title='bbox 614 2001 687 2062; x_wconf 89' lang='lat' dir='ltr'>alibi</span> <span class='ocrx_word' id='word_1_136' title='bbox 699 2005 727 2080; x_wconf 82' lang='lat'>¹)</span> <span class='ocrx_word' id='word_1_137' title='bbox 759 2008 898 2062; x_wconf 86' lang='lat' dir='ltr'>aeenrate</span> <span class='ocrx_word' id='word_1_138' title='bbox 928 2002 1079 2082; x_wconf 87' lang='lat' dir='ltr'>disputata</span> <span class='ocrx_word' id='word_1_139' title='bbox 1099 2004 1184 2073; x_wconf 85' lang='lat' dir='ltr'>sunt,</span> <span class='ocrx_word' id='word_1_140' title='bbox 1214 2008 1327 2062; x_wconf 84' lang='lat' dir='ltr'>temere</span> 
     </span>
     <span class='ocr_line' id='line_1_18' title="bbox 230 2099 1327 2192; baseline -0.001 -23"><span class='ocrx_word' id='word_1_141' title='bbox 230 2114 417 2188; x_wconf 88' lang='lat' dir='ltr'>repetamus,</span> <span class='ocrx_word' id='word_1_142' title='bbox 438 2107 640 2188; x_wconf 86' lang='lat' dir='ltr'>disputatione</span> <span class='ocrx_word' id='word_1_143' title='bbox 665 2107 704 2166; x_wconf 92' lang='lat' dir='ltr'>de</span> <span class='ocrx_word' id='word_1_144' title='bbox 728 2105 901 2166; x_wconf 83' lang='lat' dir='ltr'>discrimine</span> <span class='ocrx_word' id='word_1_145' title='bbox 923 2106 1004 2166; x_wconf 87' lang='lat' dir='ltr'>inter</span> <span class='ocrx_word' id='word_1_146' title='bbox 1026 2099 1087 2178; x_wconf 71' lang='lat' dir='ltr'>esic</span> <span class='ocrx_word' id='word_1_147' title='bbox 1106 2105 1146 2172; x_wconf 73' lang='lat' dir='ltr'>es}</span> <span class='ocrx_word' id='word_1_148' title='bbox 1168 2107 1278 2192; x_wconf 76' lang='grc' dir='ltr'><strong><em>Κηφᾶ</em></strong></span> <span class='ocrx_word' id='word_1_149' title='bbox 1299 2105 1327 2168; x_wconf 74' lang='lat' dir='ltr'>ds</span> 
     </span>
     <span class='ocr_line' id='line_1_19' title="bbox 230 2204 1328 2296; baseline -0.006 -19"><span class='ocrx_word' id='word_1_150' title='bbox 230 2204 290 2284; x_wconf 75' lang='lat' dir='ltr'>esic</span> <span class='ocrx_word' id='word_1_151' title='bbox 322 2210 361 2280; x_wconf 73' lang='grc' dir='ltr'>τῦ</span> <span class='ocrx_word' id='word_1_152' title='bbox 384 2211 496 2296; x_wconf 77' lang='grc' dir='ltr'><strong><em>Χριςῦ</em></strong></span> <span class='ocrx_word' id='word_1_153' title='bbox 529 2213 561 2273; x_wconf 85' lang='grc' dir='ltr'>ἰιι</span> <span class='ocrx_word' id='word_1_154' title='bbox 583 2211 684 2274; x_wconf 91' lang='lat' dir='ltr'>medio</span> <span class='ocrx_word' id='word_1_155' title='bbox 716 2210 842 2283; x_wconf 86' lang='lat' dir='ltr'>relicte,</span> <span class='ocrx_word' id='word_1_156' title='bbox 879 2209 940 2271; x_wconf 92' lang='lat' dir='ltr'>boe</span> <span class='ocrx_word' id='word_1_157' title='bbox 962 2211 1032 2272; x_wconf 89' lang='lat' dir='ltr'>loeo</span> <span class='ocrx_word' id='word_1_158' title='bbox 1063 2213 1095 2272; x_wconf 91' lang='lat' dir='ltr'>in</span> <span class='ocrx_word' id='word_1_159' title='bbox 1117 2212 1328 2272; x_wconf 81' lang='lat' dir='ltr'>universaliori</span> 
     </span>
     <span class='ocr_line' id='line_1_20' title="bbox 230 2314 1328 2398; baseline -0.002 -20"><span class='ocrx_word' id='word_1_160' title='bbox 230 2316 354 2378; x_wconf 87' lang='lat' dir='ltr'>illorum</span> <span class='ocrx_word' id='word_1_161' title='bbox 384 2317 539 2378; x_wconf 86' lang='lat' dir='ltr'>hominum</span> <span class='ocrx_word' id='word_1_162' title='bbox 568 2316 796 2378; x_wconf 73' lang='lat' dir='ltr'>adumbratione</span> <span class='ocrx_word' id='word_1_163' title='bbox 830 2314 1000 2376; x_wconf 86' lang='lat' dir='ltr'>exhibenda</span> <span class='ocrx_word' id='word_1_164' title='bbox 1036 2317 1203 2376; x_wconf 84' lang='lat' dir='ltr'>subsistere</span> <span class='ocrx_word' id='word_1_165' title='bbox 1233 2317 1328 2398; x_wconf 80' lang='lat' dir='ltr'>juvat,</span> 
     </span>
     <span class='ocr_line' id='line_1_21' title="bbox 232 2420 1327 2506; baseline -0.001 -25"><span class='ocrx_word' id='word_1_166' title='bbox 232 2421 285 2502; x_wconf 89' lang='lat' dir='ltr'>qui</span> <span class='ocrx_word' id='word_1_167' title='bbox 323 2421 464 2481; x_wconf 82' lang='lat' dir='ltr'>Corinthi</span> <span class='ocrx_word' id='word_1_168' title='bbox 495 2429 616 2482; x_wconf 90' lang='lat' dir='ltr'>autores</span> <span class='ocrx_word' id='word_1_169' title='bbox 651 2423 770 2481; x_wconf 81' lang='lat' dir='ltr'>luerunt</span> <span class='ocrx_word' id='word_1_170' title='bbox 805 2420 968 2480; x_wconf 80' lang='lat' dir='ltr'>lactionum</span> <span class='ocrx_word' id='word_1_171' title='bbox 999 2421 1097 2506; x_wconf 84' lang='lat' dir='ltr'>Paulo</span> <span class='ocrx_word' id='word_1_172' title='bbox 1130 2421 1327 2492; x_wconf 82' lang='lat' dir='ltr'>infensorum,</span> 
     </span>
    </p>
   </div>
   <div class='ocr_carea' id='block_1_5' title="bbox 233 2524 1416 2607">
    <p class='ocr_par' dir='ltr' id='par_1_5' title="bbox 233 2524 1416 2607">
     <span class='ocr_line' id='line_1_22' title="bbox 233 2524 1416 2607; baseline 0.007 -26"><span class='ocrx_word' id='word_1_173' title='bbox 233 2544 345 2605; x_wconf 91' lang='lat' dir='ltr'>quum,</span> <span class='ocrx_word' id='word_1_174' title='bbox 375 2524 592 2607; x_wconf 84' lang='lat' dir='ltr'>qualiscunque</span> <span class='ocrx_word' id='word_1_175' title='bbox 624 2526 745 2586; x_wconf 85' lang='lat' dir='ltr'>demum</span> <span class='ocrx_word' id='word_1_176' title='bbox 771 2525 846 2606; x_wconf 84' lang='lat' dir='ltr'>ipsis</span> <span class='ocrx_word' id='word_1_177' title='bbox 875 2525 1084 2586; x_wconf 80' lang='lat' dir='ltr'>intersedebat</span> <span class='ocrx_word' id='word_1_178' title='bbox 1110 2525 1216 2586; x_wconf 78' lang='lat' dir='ltr'>mutua</span> <span class='ocrx_word' id='word_1_179' title='bbox 1239 2528 1327 2598; x_wconf 77' lang='lat' dir='ltr'>rotie,</span> <span class='ocrx_word' id='word_1_180' title='bbox 1415 2529 1416 2546; x_wconf 56' lang='lat'>*</span> 
     </span>
    </p>
   </div>
   <div class='ocr_carea' id='block_1_6' title="bbox 231 2629 1329 3216">
    <p class='ocr_par' dir='ltr' id='par_1_6' title="bbox 231 2629 1329 3216">
     <span class='ocr_line' id='line_1_23' title="bbox 233 2629 1328 2702; baseline 0.004 -14"><span class='ocrx_word' id='word_1_181' title='bbox 233 2635 354 2688; x_wconf 88' lang='lat' dir='ltr'>autores</span> <span class='ocrx_word' id='word_1_182' title='bbox 385 2649 488 2689; x_wconf 85' lang='lat' dir='ltr'>earum</span> <span class='ocrx_word' id='word_1_183' title='bbox 512 2630 620 2690; x_wconf 91' lang='lat' dir='ltr'>eodem</span> <span class='ocrx_word' id='word_1_184' title='bbox 650 2631 721 2690; x_wconf 92' lang='lat' dir='ltr'>loeo</span> <span class='ocrx_word' id='word_1_185' title='bbox 750 2630 849 2690; x_wconf 87' lang='lat' dir='ltr'>Paulo</span> <span class='ocrx_word' id='word_1_186' title='bbox 877 2629 1075 2702; x_wconf 85' lang='lat' dir='ltr'>haberentur,</span> <span class='ocrx_word' id='word_1_187' title='bbox 1110 2631 1189 2691; x_wconf 83' lang='lat' dir='ltr'>adeo</span> <span class='ocrx_word' id='word_1_188' title='bbox 1212 2640 1328 2692; x_wconf 88' lang='lat' dir='ltr'>utnon</span> 
     </span>
     <span class='ocr_line' id='line_1_24' title="bbox 233 2731 1328 2819; baseline 0.004 -27"><span class='ocrx_word' id='word_1_189' title='bbox 233 2731 364 2792; x_wconf 84' lang='lat' dir='ltr'>dubitari</span> <span class='ocrx_word' id='word_1_190' title='bbox 384 2734 495 2814; x_wconf 85' lang='lat' dir='ltr'>possit,</span> <span class='ocrx_word' id='word_1_191' title='bbox 522 2733 614 2794; x_wconf 79' lang='lat' dir='ltr'>luisse</span> <span class='ocrx_word' id='word_1_192' title='bbox 634 2733 691 2794; x_wconf 91' lang='lat' dir='ltr'>bos</span> <span class='ocrx_word' id='word_1_193' title='bbox 713 2733 850 2794; x_wconf 87' lang='lat' dir='ltr'>homines</span> <span class='ocrx_word' id='word_1_194' title='bbox 873 2733 1009 2815; x_wconf 88' lang='lat' dir='ltr'>ejusdem</span> <span class='ocrx_word' id='word_1_195' title='bbox 1030 2735 1164 2815; x_wconf 77' lang='lat' dir='ltr'>generis,</span> <span class='ocrx_word' id='word_1_196' title='bbox 1200 2759 1328 2819; x_wconf 84' lang='lat' dir='ltr'>quocum</span> 
     </span>
     <span class='ocr_line' id='line_1_25' title="bbox 231 2838 1327 2922; baseline 0.002 -22"><span class='ocrx_word' id='word_1_197' title='bbox 231 2839 290 2922; x_wconf 88' lang='lat' dir='ltr'>ipsi</span> <span class='ocrx_word' id='word_1_198' title='bbox 313 2839 393 2900; x_wconf 88' lang='lat' dir='ltr'>iuter</span> <span class='ocrx_word' id='word_1_199' title='bbox 421 2838 544 2900; x_wconf 79' lang='lat' dir='ltr'>Galatas</span> <span class='ocrx_word' id='word_1_200' title='bbox 575 2845 657 2899; x_wconf 88' lang='lat' dir='ltr'>esset</span> <span class='ocrx_word' id='word_1_201' title='bbox 684 2840 835 2920; x_wconf 78' lang='lat' dir='ltr'>agendum</span> <span class='ocrx_word' id='word_1_202' title='bbox 847 2881 858 2912; x_wconf 93' lang='lat'>,</span> <span class='ocrx_word' id='word_1_203' title='bbox 901 2861 1071 2922; x_wconf 83' lang='lat' dir='ltr'>quanquam</span> <span class='ocrx_word' id='word_1_204' title='bbox 1096 2861 1203 2900; x_wconf 80' lang='lat' dir='ltr'>eorum</span> <span class='ocrx_word' id='word_1_205' title='bbox 1228 2864 1327 2914; x_wconf 75' lang='lat' dir='ltr'>eausa,</span> 
     </span>
     <span class='ocr_line' id='line_1_26' title="bbox 231 2944 1327 3028; baseline 0 -22"><span class='ocrx_word' id='word_1_206' title='bbox 231 2967 309 3028; x_wconf 90' lang='lat' dir='ltr'>quos</span> <span class='ocrx_word' id='word_1_207' title='bbox 333 2945 473 3006; x_wconf 85' lang='lat' dir='ltr'>Corinthi</span> <span class='ocrx_word' id='word_1_208' title='bbox 494 2945 532 3005; x_wconf 89' lang='lat' dir='ltr'>ad</span> <span class='ocrx_word' id='word_1_209' title='bbox 560 2965 628 3004; x_wconf 86' lang='lat' dir='ltr'>suas</span> <span class='ocrx_word' id='word_1_210' title='bbox 651 2952 753 3025; x_wconf 84' lang='lat' dir='ltr'>partes</span> <span class='ocrx_word' id='word_1_211' title='bbox 774 2944 895 3005; x_wconf 80' lang='lat' dir='ltr'>trabere</span> <span class='ocrx_word' id='word_1_212' title='bbox 919 2945 1089 3017; x_wconf 83' lang='lat' dir='ltr'>studerent,</span> <span class='ocrx_word' id='word_1_213' title='bbox 1120 2966 1183 3006; x_wconf 93' lang='lat' dir='ltr'>non</span> <span class='ocrx_word' id='word_1_214' title='bbox 1208 2949 1327 3006; x_wconf 89' lang='lat' dir='ltr'>omnino</span> 
     </span>
     <span class='ocr_line' id='line_1_27' title="bbox 232 3049 1329 3133; baseline 0.002 -23"><span class='ocrx_word' id='word_1_215' title='bbox 232 3051 358 3112; x_wconf 82' lang='lat' dir='ltr'>eandem</span> <span class='ocrx_word' id='word_1_216' title='bbox 390 3051 470 3113; x_wconf 81' lang='lat' dir='ltr'>viam</span> <span class='ocrx_word' id='word_1_217' title='bbox 492 3049 531 3110; x_wconf 85' lang='lat' dir='ltr'>ad</span> <span class='ocrx_word' id='word_1_218' title='bbox 560 3069 685 3131; x_wconf 87' lang='lat' dir='ltr'>seopum</span> <span class='ocrx_word' id='word_1_219' title='bbox 716 3049 906 3131; x_wconf 91' lang='lat' dir='ltr'>propositum</span> <span class='ocrx_word' id='word_1_220' title='bbox 937 3051 1160 3132; x_wconf 83' lang='lat' dir='ltr'>assequendum</span> <span class='ocrx_word' id='word_1_221' title='bbox 1190 3052 1329 3133; x_wconf 67' lang='lat' dir='ltr'>ingrede-</span> 
     </span>
     <span class='ocr_line' id='line_1_28' title="bbox 232 3163 349 3216; baseline -0.017 -1"><span class='ocrx_word' id='word_1_222' title='bbox 232 3163 349 3216; x_wconf 89' lang='lat' dir='ltr'>rentur.</span> 
     </span>
    </p>
   </div>
   <div class='ocr_carea' id='block_1_7' title="bbox 321 3257 1416 3339">
    <p class='ocr_par' dir='ltr' id='par_1_7' title="bbox 321 3257 1416 3339">
     <span class='ocr_line' id='line_1_29' title="bbox 321 3257 1416 3339; baseline 0.005 -23"><span class='ocrx_word' id='word_1_223' title='bbox 321 3257 417 3317; x_wconf 81' lang='lat' dir='ltr'>Erant</span> <span class='ocrx_word' id='word_1_224' title='bbox 454 3258 569 3320; x_wconf 80' lang='lat' dir='ltr'>eivitati</span> <span class='ocrx_word' id='word_1_225' title='bbox 608 3259 778 3322; x_wconf 79' lang='lat' dir='ltr'>ehristiunae</span> <span class='ocrx_word' id='word_1_226' title='bbox 808 3257 972 3339; x_wconf 81' lang='lat' dir='ltr'>adscripti3</span> <span class='ocrx_word' id='word_1_227' title='bbox 1019 3279 1089 3318; x_wconf 86' lang='lat' dir='ltr'>nem</span> <span class='ocrx_word' id='word_1_228' title='bbox 1128 3259 1181 3320; x_wconf 90' lang='lat' dir='ltr'>nbi</span> <span class='ocrx_word' id='word_1_229' title='bbox 1215 3261 1328 3321; x_wconf 85' lang='lat' dir='ltr'>Paulus</span> <span class='ocrx_word' id='word_1_230' title='bbox 1415 3269 1416 3278; x_wconf 76' lang='grc'>’</span> 
     </span>
    </p>
   </div>
   <div class='ocr_carea' id='block_1_8' title="bbox 232 3361 1330 3458">
    <p class='ocr_par' dir='ltr' id='par_1_8' title="bbox 232 3361 1330 3458">
     <span class='ocr_line' id='line_1_30' title="bbox 232 3361 1330 3458; baseline 0.005 -38"><span class='ocrx_word' id='word_1_231' title='bbox 232 3361 462 3440; x_wconf 65' lang='lat' dir='ltr'>praerogativas,</span> <span class='ocrx_word' id='word_1_232' title='bbox 487 3364 596 3445; x_wconf 92' lang='lat' dir='ltr'>quibus</span> <span class='ocrx_word' id='word_1_233' title='bbox 620 3363 839 3444; x_wconf 77' lang='lat' dir='ltr'>gloriabuntur,</span> <span class='ocrx_word' id='word_1_234' title='bbox 881 3369 1042 3458; x_wconf 67' lang='lat' dir='ltr'>recenset,</span> <span class='ocrx_word' id='word_1_235' title='bbox 1077 3364 1233 3426; x_wconf 83' lang='lat' dir='ltr'>intereas</span> <span class='ocrx_word' id='word_1_236' title='bbox 1255 3367 1330 3426; x_wconf 79' lang='lat' dir='ltr'>bane</span> 
     </span>
    </p>
   </div>
   <div class='ocr_carea' id='block_1_9' title="bbox 182 3549 1328 3718">
    <p class='ocr_par' dir='ltr' id='par_1_9' title="bbox 182 3549 1328 3718">
     <span class='ocr_line' id='line_1_31' title="bbox 182 3549 1328 3626; baseline 0.01 -26"><span class='ocrx_word' id='word_1_237' title='bbox 182 3568 188 3581; x_wconf 69' lang='lat'><strong><em>‘</em></strong></span> <span class='ocrx_word' id='word_1_238' title='bbox 249 3549 281 3618; x_wconf 88' lang='lat'>1)</span> <span class='ocrx_word' id='word_1_239' title='bbox 302 3549 505 3619; x_wconf 76' lang='lat' dir='ltr'>Hepdenres&#39;eb‚</span> <span class='ocrx_word' id='word_1_240' title='bbox 534 3553 681 3626; x_wconf 61' lang='lat' dir='ltr'>comment.</span> <span class='ocrx_word' id='word_1_241' title='bbox 701 3556 730 3608; x_wconf 85' lang='lat' dir='ltr'>in</span> <span class='ocrx_word' id='word_1_242' title='bbox 746 3573 792 3624; x_wconf 88' lang='lat' dir='ltr'>pr.</span> <span class='ocrx_word' id='word_1_243' title='bbox 811 3573 857 3626; x_wconf 85' lang='lat' dir='ltr'>op.</span> <span class='ocrx_word' id='word_1_244' title='bbox 880 3556 914 3610; x_wconf 90' lang='lat' dir='ltr'>P.</span> <span class='ocrx_word' id='word_1_245' title='bbox 937 3557 975 3608; x_wconf 84' lang='lat' dir='ltr'>od</span> <span class='ocrx_word' id='word_1_246' title='bbox 996 3556 1058 3610; x_wconf 84' lang='lat' dir='ltr'>Cor.</span> <span class='ocrx_word' id='word_1_247' title='bbox 1078 3555 1156 3610; x_wconf 73' lang='lat'>18²5.</span> <span class='ocrx_word' id='word_1_248' title='bbox 1203 3559 1328 3624; x_wconf 81' lang='lat' dir='ltr'>Heorses,</span> 
     </span>
     <span class='ocr_line' id='line_1_32' title="bbox 302 3641 1328 3718; baseline 0.009 -25"><span class='ocrx_word' id='word_1_249' title='bbox 302 3641 351 3694; x_wconf 85' lang='lat' dir='ltr'>der</span> <span class='ocrx_word' id='word_1_250' title='bbox 370 3641 484 3708; x_wconf 84' lang='lat' dir='ltr'>Apostel</span> <span class='ocrx_word' id='word_1_251' title='bbox 504 3643 611 3696; x_wconf 84' lang='lat' dir='ltr'>Paulus</span> <span class='ocrx_word' id='word_1_252' title='bbox 629 3645 753 3718; x_wconf 59' lang='lat' dir='ltr'>loom.</span> <span class='ocrx_word' id='word_1_253' title='bbox 772 3646 825 3701; x_wconf 74' lang='lat'>254</span> <span class='ocrx_word' id='word_1_254' title='bbox 842 3666 901 3717; x_wconf 87' lang='lat' dir='ltr'>sqq.</span> <span class='ocrx_word' id='word_1_255' title='bbox 920 3647 1027 3708; x_wconf 79' lang='lat' dir='ltr'>Sehott,</span> <span class='ocrx_word' id='word_1_256' title='bbox 1051 3649 1174 3717; x_wconf 81' lang='lat' dir='ltr'>isagoge</span> <span class='ocrx_word' id='word_1_257' title='bbox 1192 3648 1223 3702; x_wconf 89' lang='lat' dir='ltr'>in</span> <span class='ocrx_word' id='word_1_258' title='bbox 1242 3650 1328 3702; x_wconf 89' lang='lat' dir='ltr'>libros</span> 
     </span>
    </p>
   </div>
   <div class='ocr_carea' id='block_1_10' title="bbox 299 3730 1418 3807">
    <p class='ocr_par' dir='ltr' id='par_1_10' title="bbox 299 3730 1418 3807">
     <span class='ocr_line' id='line_1_33' title="bbox 299 3730 1418 3807; baseline 0.006 -21"><span class='ocrx_word' id='word_1_259' title='bbox 299 3731 336 3786; x_wconf 83' lang='grc' dir='ltr'>Ν.</span> <span class='ocrx_word' id='word_1_260' title='bbox 353 3733 388 3786; x_wconf 87' lang='grc' dir='ltr'>Τ.</span> <span class='ocrx_word' id='word_1_261' title='bbox 408 3730 477 3784; x_wconf 76' lang='grc'><strong>1830</strong></span> <span class='ocrx_word' id='word_1_262' title='bbox 496 3753 523 3801; x_wconf 88' lang='lat' dir='ltr'>p.</span> <span class='ocrx_word' id='word_1_263' title='bbox 544 3731 597 3786; x_wconf 73' lang='lat'>232</span> <span class='ocrx_word' id='word_1_264' title='bbox 614 3753 652 3804; x_wconf 90' lang='lat' dir='ltr'>sq.</span> <span class='ocrx_word' id='word_1_265' title='bbox 674 3735 769 3797; x_wconf 81' lang='lat' dir='ltr'>Beer,</span> <span class='ocrx_word' id='word_1_266' title='bbox 801 3736 886 3788; x_wconf 81' lang='lat' dir='ltr'>Ueher</span> <span class='ocrx_word' id='word_1_267' title='bbox 905 3737 950 3788; x_wconf 85' lang='lat' dir='ltr'>die</span> <span class='ocrx_word' id='word_1_268' title='bbox 970 3737 1214 3807; x_wconf 78' lang='lat' dir='ltr'>Christueporthei</span> <span class='ocrx_word' id='word_1_269' title='bbox 1231 3742 1261 3792; x_wconf 82' lang='lat' dir='ltr'>s&#39;n</span> <span class='ocrx_word' id='word_1_270' title='bbox 1281 3741 1327 3792; x_wconf 79' lang='lat' dir='ltr'>der</span> <span class='ocrx_word' id='word_1_271' title='bbox 1417 3761 1418 3768; x_wconf 53' lang='lat'>¹</span> 
     </span>
    </p>
   </div>
   <div class='ocr_carea' id='block_1_11' title="bbox 302 3823 1330 4060">
    <p class='ocr_par' dir='ltr' id='par_1_11' title="bbox 302 3823 1330 4060">
     <span class='ocr_line' id='line_1_34' title="bbox 304 3823 1330 3894; baseline 0.004 -17"><span class='ocrx_word' id='word_1_272' title='bbox 304 3824 365 3878; x_wconf 82' lang='lat' dir='ltr'>Cor.</span> <span class='ocrx_word' id='word_1_273' title='bbox 390 3823 475 3887; x_wconf 74' lang='lat' dir='ltr'>(tem,</span> <span class='ocrx_word' id='word_1_274' title='bbox 495 3823 564 3878; x_wconf 73' lang='lat' dir='ltr'>Tse.</span> <span class='ocrx_word' id='word_1_275' title='bbox 585 3825 718 3878; x_wconf 75' lang='lat' dir='ltr'>zeitschr.</span> <span class='ocrx_word' id='word_1_276' title='bbox 737 3825 815 3890; x_wconf 78' lang='lat'>1831,</span> <span class='ocrx_word' id='word_1_277' title='bbox 834 3827 888 3878; x_wconf 73' lang='lat' dir='ltr'>stes</span> <span class='ocrx_word' id='word_1_278' title='bbox 911 3827 947 3878; x_wconf 85' lang='lat' dir='ltr'>H.</span> <span class='ocrx_word' id='word_1_279' title='bbox 973 3827 1114 3894; x_wconf 58' lang='lat' dir='ltr'>Billrotltp</span> <span class='ocrx_word' id='word_1_280' title='bbox 1126 3831 1277 3886; x_wconf 71' lang='lat' dir='ltr'>Commeat.</span> <span class='ocrx_word' id='word_1_281' title='bbox 1297 3848 1330 3882; x_wconf 76' lang='lat' dir='ltr'>su</span> 
     </span>
     <span class='ocr_line' id='line_1_35' title="bbox 303 3913 1328 3980; baseline 0.008 -14"><span class='ocrx_word' id='word_1_282' title='bbox 303 3916 356 3967; x_wconf 86' lang='lat' dir='ltr'>den</span> <span class='ocrx_word' id='word_1_283' title='bbox 375 3915 423 3968; x_wconf 76' lang='lat' dir='ltr'>ur.</span> <span class='ocrx_word' id='word_1_284' title='bbox 441 3914 490 3966; x_wconf 84' lang='lat' dir='ltr'>des</span> <span class='ocrx_word' id='word_1_285' title='bbox 509 3913 542 3968; x_wconf 89' lang='lat' dir='ltr'>P.</span> <span class='ocrx_word' id='word_1_286' title='bbox 563 3933 599 3968; x_wconf 83' lang='lat' dir='ltr'>on</span> <span class='ocrx_word' id='word_1_287' title='bbox 618 3917 646 3972; x_wconf 76' lang='lat' dir='ltr'>el.</span> <span class='ocrx_word' id='word_1_288' title='bbox 668 3917 729 3970; x_wconf 80' lang='lat' dir='ltr'>Cer.</span> <span class='ocrx_word' id='word_1_289' title='bbox 753 3917 829 3972; x_wconf 74' lang='lat'>1833.</span> <span class='ocrx_word' id='word_1_290' title='bbox 877 3917 1016 3980; x_wconf 79' lang='lat' dir='ltr'>Rstelert,</span> <span class='ocrx_word' id='word_1_291' title='bbox 1044 3919 1100 3973; x_wconf 80' lang='lat' dir='ltr'>Der</span> <span class='ocrx_word' id='word_1_292' title='bbox 1125 3927 1200 3975; x_wconf 79' lang='lat' dir='ltr'>crete</span> <span class='ocrx_word' id='word_1_293' title='bbox 1226 3923 1277 3980; x_wconf 86' lang='lat' dir='ltr'>Br.</span> <span class='ocrx_word' id='word_1_294' title='bbox 1298 3920 1328 3974; x_wconf 88' lang='lat' dir='ltr'>P.</span> 
     </span>
     <span class='ocr_line' id='line_1_36' title="bbox 302 4005 571 4060; baseline 0.004 -2"><span class='ocrx_word' id='word_1_295' title='bbox 302 4023 337 4058; x_wconf 82' lang='lat' dir='ltr'>ee</span> <span class='ocrx_word' id='word_1_296' title='bbox 358 4009 384 4060; x_wconf 86' lang='lat' dir='ltr'>d.</span> <span class='ocrx_word' id='word_1_297' title='bbox 411 4007 473 4060; x_wconf 81' lang='lat' dir='ltr'>cor.</span> <span class='ocrx_word' id='word_1_298' title='bbox 494 4005 571 4059; x_wconf 77' lang='grc'><strong>1836.</strong></span> 
     </span>
    </p>
   </div>
   <div class='ocr_carea' id='block_1_12' title="bbox 0 0 1442 4708">
    <p class='ocr_par' dir='ltr' id='par_1_12' title="bbox 0 0 1442 4708">
     <span class='ocr_line' id='line_1_37' title="bbox 0 0 1442 4708; baseline 0 0"><span class='ocrx_word' id='word_1_299' title='bbox 0 0 1442 4708; x_wconf 95' lang='lat' dir='ltr'> </span> 
     </span>
    </p>
   </div>
  </div>
 </body>
</html>
