2864 4712
272 456 362 538 ⁸quod
387 456 496 517 Jesum
532 450 735 534 agnoscebant
761 453 905 518 Messinm
941 451 1144 536 a‘propbetis
1174 455 1390 534 promissum,

272 562 330 644 qni
352 569 441 622 antor
460 557 626 620 exstitisset
644 578 765 620 summe
779 559 944 632 felicitatis,
967 580 1036 642 qum
1057 558 1265 622 sectatoribus
1279 556 1316 618 de
1329 557 1393 618 bac

271 667 308 732 in
325 667 387 728 vita
410 663 492 728 <tia
514 664 614 726 futura
636 684 739 726 rerum
761 665 933 728 conditione
951 665 1153 746 contingeret.
1203 665 1290 728 licen
1314 685 1391 745 per·

271 773 374 836 sunio
410 769 513 836 multis
549 770 688 844 iudeis,
728 771 837 854 quibas
872 759 1012 840 vaticinii
1053 770 1282 852 prophetarum
1328 789 1391 850 per

171 869 184 890 ⁰
271 879 382 940 Josnm
404 883 515 940 eventu
534 897 597 940 non
618 878 812 958 comprobata
835 897 902 940 esse
925 877 1127 950 videbantur,
1166 875 1287 936 erroris
1314 874 1389 934 loco

271 982 378 1060 baberi
401 989 542 1065 poterat,
562 1003 731 1065 quanquam
754 982 838 1044 nulla
861 984 899 1044 iis
920 1004 1010 1044 cansa
1030 983 1195 1046 videbatur
1218 1001 1307 1053 esse,
1335 1001 1390 1040 cur

270 1109 359 1154 secus
381 1088 544 1150 sentientes
567 1095 712 1150 vexarent
736 1087 766 1150 da
785 1097 1053 1173 persequerentur.
1098 1089 1207 1166 Quum
1228 1095 1387 1168 prseterea

270 1193 330 1278 ipsi
351 1194 515 1258 Christiani
534 1215 712 1276 persuasum
734 1194 882 1256 baberent
900 1196 1009 1260 Jesom
1030 1193 1169 1254 nondum
1192 1191 1295 1275 plena
1310 1192 1387 1270 dig·

269 1301 364 1362 nitate
387 1300 539 1362 Messiana
559 1299 748 1379 apparuisse,
776 1299 853 1360 lmnc
876 1321 950 1365 vcro
974 1301 1141 1383 gloriosam
1164 1297 1235 1379 ejus
1262 1296 1387 1379 appari·

270 1406 385 1466 tionem
407 1406 544 1485 proxime
566 1405 697 1478 instare,
720 1404 902 1470 succorum
922 1407 1004 1468 baud
1024 1405 1115 1487 pauci
1139 1423 1271 1486 aequum
1300 1402 1386 1484 judi·

169 1549 172 1556 »
270 1510 380 1573 cabant
402 1515 601 1590 exspectare,
631 1530 702 1568 unm
731 1511 811 1570 forts
834 1510 899 1574 bec
925 1533 995 1593 spes
1020 1518 1133 1576 eventu
1157 1510 1386 1594 comprobare·

269 1623 334 1678 tur.
389 1614 573 1695 Exemplum
596 1613 772 1698 Gamalielis
797 1614 881 1690 (Act.
906 1618 941 1690 ὖ,
963 1617 1078 1697 3440)
1102 1615 1260 1687 ostendit,
1305 1614 1387 1674 inter
1418 1635 1421 1640 ·

266 1721 399 1784 Judaeos
420 1741 492 1782 vere
516 1721 630 1793 luisse,
663 1721 716 1804 qui
746 1721 824 1782 banc
847 1721 1082 1786 moderatiorem
1104 1721 1269 1802 cogitandi
1291 1720 1384 1781 ratio·

267 1848 338 1890 nem
367 1834 588 1910 sequerentur,
624 1826 709 1908 cajus
739 1827 911 1890 testimonia
939 1829 1045 1910 plures
1073 1834 1235 1909 prseterea
1263 1826 1333 1888 loci
1356 1825 1385 1884 in

265 1934 353 1998 Aesis
374 1934 458 2014 App.
481 1933 627 1996 exhibant
644 1933 714 2015 (cfr.
738 1932 759 2015 fi
779 1933 825 2014 1).
877 1933 946 2000 ¹Sed
977 1955 1069 2016 φιιιιιι
1098 1934 1132 1994 ἰιι
1164 1933 1235 1994 dics
1266 1932 1385 1992 elarius

266 2037 510 2117 intelligeretur,
537 2037 720 2117 agnitionem
740 2039 820 2100 «lesu
840 2038 961 2106 Messiae
982 2039 1144 2104 liberiores
1168 2039 1318 2098 notiones
1342 2035 1383 2096 de

185 2131 191 2139 '
264 2143 382 2206 neone
405 2142 574 2224 msrpcnae
597 2141 742 2206 nomes
765 2143 884 2215 merse,
919 2157 1012 2225 quum
1032 2145 1092 2225 sps
1114 2144 1294 2207 careamus
1315 2126 1384 2226 τήν

197 2269 204 2274 ’
264 2241 479 2334 ι’λιυθιριόέν,
512 2239 558 2331 ἦν
583 2246 679 2332 ,εἶχον
705 2251 743 2314 ἐν
771 2246 884 2334 Χριςῷ
911 2241 1003 2334 Ἰηοῦ
1027 2249 1115 2327 (Gal.
1140 2252 1178 2323 2,
1203 2252 1242 2331 4)
1269 2250 1382 2312 melius

263 2355 437 2436 perspicere
460 2353 491 2414 dc
522 2351 671 2414 aetimare
700 2353 888 2433 inciperent,
922 2355 989 2416 beri
1017 2375 1079 2421 non
1111 2363 1270 2436 poterat,
1309 2357 1380 2438 quin

263 2457 352 2520 multi
380 2457 582 2527 Judseorum,
626 2455 678 2536 qui
707 2463 795 2515 antea
821 2457 971 2519 mitiorem
997 2459 1035 2520 de
1056 2460 1215 2522 Nazaraeis
1242 2463 1381 2522 tulerant

263 2563 455 2636 sententiam,
483 2561 521 2622 iis
546 2558 747 2633 accederent,
778 2559 830 2641 qui
849 2581 937 2626 novae
962 2571 1052 2624 sectae
1076 2565 1243 2626 interitum
1270 2587 1379 2648 parare

261 2665 436 2732 studebant.
492 2665 645 2746 Discipuli
667 2665 746 2726 Jesn
771 2663 836 2745 jam
857 2687 925 2729 ¹non
947 2669 1124 2732 dubitarunt
1143 2671 1377 2743 Samaritanus,

259 2775 479 2837 infensissimos
492 2770 564 2832 illos
578 2769 756 2830 Judaeorum
771 2770 889 2844 hostes,
910 2774 1063 2836 sodalitati
1081 2796 1143 2835 susc
1168 2777 1377 2849 adscribere3

258 2890 324 2968 tum
362 2881 447 2962 ipsos
490 2876 640 2958 gentiles,
689 2875 742 2958 qui
789 2875 1046 2938 circumcisionem
1086 2901 1150 2940 non
1196 2885 1375 2955 subierant,

145 3027 148 3046 ι
256 2988 399 3071 baptismi
426 2985 490 3047 ritu
512 2980 650 3042 societati
670 3001 734 3042 suae
756 2979 978 3061 adjunxerunt,
1001 2985 1126 3046 tandem
1142 2987 1278 3050 decreto
1301 3011 1376 3050 con·
1404 3013 1407 3016 -

255 3103 364 3157 ventus
387 3086 661 3170 Hierosolymitani
677 3087 897 3167 promulgando
919 3108 1037 3162 omnes,
1060 3091 1114 3172 qui
1131 3091 1232 3156 tidem
1246 3095 1375 3156 Christo

254 3200 416 3271 baberent,
448 3194 585 3277 quamvis
609 3193 710 3272 legem
728 3189 893 3252 Mosnlcam
915 3191 996 3252 baud
1015 3194 1237 3272 observarent,
1270 3202 1375 3260 socios
1424 3269 1425 3276 ἵ

254 3303 342 3383 regni
352 3300 500 3365 Massieni
517 3297 709 3374 declararunt
725 3295 788 3377 (92
799 3294 882 3374 dd).
931 3296 1012 3358 llaec
1031 3301 1147 3374 omnia,
1174 3325 1242 3384 quo
1256 3305 1375 3386 majora

251 3410 442 3472 incrementa
461 3401 576 3466 civitati
597 3396 768 3464 christianae
787 3399 950 3472 addebant,
982 3423 1020 3462 oo
1044 3407 1142 3486 magis
1167 3418 1294 3471 metum
1317 3412 1373 3473 Ju-

252 3514 391 3577 daeorum
413 3505 587 3585 augebant,
626 3521 665 3566 ne
691 3502 828 3570 doctrina
856 3504 894 3566 de
924 3506 1002 3598 -lesu
1023 3509 1143 3596 Mesola
1170 3513 1372 3598 disciplinam

250 3615 420 3684 mosaicam
450 3607 548 3672 acrius
577 3607 661 3670 ocius
692 3626 817 3690 prorsus
846 3609 971 3672 tollerat
986 3611 1024 3674 d
1047 3614 1234 3697 abrogaret.
1305 3623 1371 3686 Una

249 3728 368 3784 tantum
390 3733 464 3796 spes
484 3711 600 3774 afflictis
619 3731 724 3776 eornm
747 3713 852 3776 ommis
877 3715 1017 3779 solatium
1046 3722 1210 3800 quoddam
1235 3730 1372 3808 praehuis

248 3835 341 3908 atque
375 3823 510 3900 impetus
537 3815 749 3898 indignationis
778 3817 913 3897 ipsorum
942 3821 1096 3887 interdum
1130 3849 1289 3895 coercere
1323 3834 1370 3896 vel

247 3931 387 4008 mitigare
419 3921 554 3986 valebat.
614 3921 717 3996 Quum
747 3921 883 3984 electrina
915 3929 1065 4009 evangelii
1100 3930 1226 3999 Christi
1263 3939 1370 4020 majori

202 4114 206 4124 ,
246 4055 371 4123 ,emper
393 4047 581 4118 paganorum
600 4046 737 4118 nonnoso,
758 4026 837 4090 inter
860 4034 1040 4111 quassandi
1062 4044 1167 4118 empta
1188 4050 1277 4118 crat,
1300 4065 1369 4126 prc-
1394 4063 1399 4070 ’

1141 4399 1151 4432 t

1422 3435 1424 3544 l
