2864 4712
302 228 363 320 u
596 227 599 235 ·

236 449 403 539 ἀπῆλθον
416 438 650 533 εῙςἈραβία-ιι
663 444 719 513 sul
735 437 841 513 πάλιν
857 437 1057 530 ὑπέστρεψα
1071 445 1122 516 εἰς
1137 435 1351 528 Δαμασκόν.

232 555 384 626 Ἔπειτα
413 577 503 640 μετα
525 557 583 637 ἐτη
607 549 684 636 τρία
714 553 799 635 (post
828 551 1072 629 conversionem)
1100 540 1264 632 οἷνῆλθον
1295 553 1353 621 εἰς
1412 539 1413 552 ’

237 654 491 749 Ἰεροσόλυμα).
546 657 623 720 Nam
641 657 709 720 tue
740 659 862 718 demum
888 657 1006 718 ratione
1032 654 1166 716 narratio
1189 655 1286 716 Lueae
1320 656 1356 714 iu

241 770 314 834 Aet.
339 767 422 847 App·
449 767 483 836 9,
504 763 547 825 22
568 784 653 846 sqq„
684 783 750 845 ques
781 763 898 844 itineris
923 761 1048 823 Arabi'ei
1075 759 1191 820 nullam
1222 761 1355 820 omnino
1413 805 1414 810 η

241 875 316 936 l'aeit
338 870 541 944 mentionem,
577 890 646 928 eum
667 870 705 930 iis
728 868 884 930 conciliari
904 873 1027 948 potest,
1052 886 1119 949 que
1140 864 1260 926 Paulus
1283 867 1356 946 ipse

246 977 318 1042 Gal.
349 977 444 1040 1.17
466 995 535 1057 sqq.
562 973 593 1036 de
616 977 639 1037 2
660 975 736 1036 Cor.
766 977 821 1047 11,
850 975 894 1036 92
919 972 1072 1032 memoria
1102 971 1254 1052 prodidit.
1319 971 1356 1031 Si

246 1085 328 1144 enim
351 1081 505 1154 statuitur,
541 1079 672 1140 Paulum
690 1101 748 1161 per
767 1079 888 1160 lougius
916 1085 1037 1157 tenpus
1055 1076 1196 1136 Damasei
1219 1096 1356 1157 evauge-

244 1189 321 1250 lium
341 1185 517 1258 tradidisse,
540 1184 622 1244 haud
642 1184 772 1265 intelligi
793 1191 908 1264 potest,
928 1181 1083 1264 quomodo
1104 1183 1218 1242 laetum
1241 1182 1299 1254 sit,
1320 1188 1356 1241 ut
1415 1169 1416 1226 3

246 1292 427 1356 Christianis
448 1290 734 1372 Hierosolymitanis
753 1309 857 1350 rerum
877 1287 1073 1350 Puulinarum
1094 1293 1178 1348 tauta
1199 1295 1288 1347 esset
1306 1288 1355 1367 ig·

245 1398 406 1470 norantin,
440 1402 498 1468 ut,
532 1416 625 1477 quum
649 1393 764 1456 Paulus
789 1394 1019 1476 Hierosolyma
1043 1394 1199 1465 venisset,
1245 1413 1355 1452 omnes

247 1483 373 1566 Christo
400 1501 515 1562 addicti
546 1499 713 1586 spallioro
742 1490 861 1575 adedo,
894 1493 946 1586 μή
972 1489 1173 1572 secessimus
1202 1491 1259 1564 ὅτι
1285 1497 1357 1564 ἐστὶ

247 1597 414 1694 μαθητής
435 1605 520 1686 (Aet.
543 1608 578 1678 9,
600 1606 668 1687 26).
717 1604 918 1665 lueredulitas
950 1605 1030 1666 enim
1059 1603 1111 1666 vel
1142 1603 1281 1684 suspicio
1310 1604 1357 1662 lris

247 1714 351 1776 verbis
378 1713 511 1775 indicata
540 1711 661 1774 omuino
684 1709 803 1772 sublata
827 1729 895 1770 esss
918 1711 1070 1784 debebat,
1088 1729 1090 1734 ·
1106 1711 1133 1770 si
1156 1709 1279 1770 Paulus
1300 1727 1358 1790 per

248 1819 370 1900 longius
391 1817 516 1900 aliquod
537 1823 658 1898 tempus
687 1816 876 1898 evangelium
900 1815 1016 1876 Christi
1044 1835 1154 1895 msguo
1185 1836 1256 1874 eum
1287 1835 1356 1874 sue-

250 1945 339 1986 eessu
365 1923 451 2005 (set,
473 1924 508 1994 9,
530 1922 588 1998 22)
612 1921 754 1984 Dmasei
775 1921 982 2002 praediessset.
1039 1919 1150 1997 Quid‘t
1182 1941 1253 1980 uum
1273 1937 1351 1999 opus

251 2027 372 2099 fuisset,
395 2034 430 2087 ut
449 2027 603 2086 Barnabas
623 2033 689 2086 tum
710 2027 831 2086 demum
851 2025 998 2106 apostolis
1010 2025 1089 2087 «lesu
1107 2033 1260 2098 mereret,
1282 2023 1355 2106 quid

251 2132 352 2194 Panlo
375 2131 535 2192 accidisset
556 2128 759 2218 (Βαρνάβας
784 2123 1098 2218 δὲ,ἐπιλαβόμενος
1119 2121 1232 2198 αὐτόν
1249 2126 1358 2216 ἤγαγε

251 2229 340 2324 node
360 2229 420 2310 saie
441 2228 611 2310 α’πόςόλες
630 2236 687 2304 καὶ
712 2226 897 2324 διηγήσατο
917 2228 1046 2314 αὐτοῖς,
1068 2235 1143 2309 πῶς
1165 2240 1204 2302 ἐν
1226 2235 1271 2324 τῇ
1295 2229 1360 2323 ὁδῷ

187 2363 191 2369 ·
252 2341 322 2410 sida
345 2335 408 2408 τόν
428 2333 635 2425 aequmst
659 2337 712 2408 ὅτι
735 2335 902 2427 ἐλάλησεν,
922 2335 1027 2428 αὐτῷ,
1047 2340 1204 2414 καὶπῶς
1228 2345 1269 2408 ἐν
1292 2345 1361 2412 Δα-

192 2529 201 2538 .
252 2445 372 2534 μασκῷ
394 2437 666 2531 ἐπαῤῥησιάσατο
689 2450 729 2514 ἐν
746 2446 792 2533 τῷ
808 2439 957 2532 ὀνόματι
979 2444 1019 2516 eti
1034 2444 1119 2532 Ιησῡ
1140 2447 1214 2510 sot.
1235 2451 1274 2522 9,
1293 2451 1362 2528 ²7),

255 2549 314 2614 nisi
337 2550 453 2612 Paulus
474 2571 547 2612 mox
568 2559 640 2632 post
663 2554 892 2616 couversionem
919 2575 1004 2616 suam
1026 2553 1246 2636 eonsuetudini
1268 2554 1364 2616 homi-

255 2679 329 2716 num
350 2676 383 2715 se
405 2655 620 2730 subduxisset,
642 2658 719 2718 adso
740 2665 775 2718 ut
796 2679 836 2718 ex
856 2658 969 2720 Arabia
985 2659 1167 2720 Damascum
1190 2680 1259 2720 non
1281 2661 1365 2742 prins
1421 2639 1422 2654 ἦ

255 2769 402 2828 reversus,
422 2761 473 2832 sit,
498 2781 588 2843 quam
610 2768 645 2821 ut
665 2762 747 2822 haud
768 2763 810 2822 ita
828 2765 924 2824 multo
948 2771 1019 2845 post
1038 2785 1077 2824 ex
1100 2764 1159 2823 lrae
1180 2765 1265 2825 urbe
1291 2767 1366 2827 Hie·
1421 2783 1422 2834 t

256 2865 440 2952 rosolgmam
460 2872 593 2950 peteret,
627 2867 751 2930 iusidias
772 2868 952 2930 «ludaeorum
970 2869 1237 2931 Damascenorum
1264 2872 1366 2954 effugi·

202 2953 213 2964 ’
255 2979 342 3036 urus
364 3007 407 3019 -
428 2969 513 3050 (let,
534 2973 568 3044 o,
589 2971 645 3034 25.
671 2971 742 3033 aar.
766 2974 799 3046 1,
823 2975 877 3036 1s.
901 2975 923 3040 a
947 2974 1022 3035 eor.
1047 2975 1102 3047 11,
1123 2975 1181 3054 sa)
1205 2975 1281 3036 -a
1301 2977 1368 3038 uu

257 3077 359 3142 sveri
381 3076 577 3146 similitudine
598 3077 757 3152 abhorret,
781 3079 890 3160 siquis
912 3087 1036 3152 statuat,
1056 3078 1190 3142 Paulum
1211 3081 1275 3142 illo
1296 3090 1368 3142 tem·

256 3203 333 3265 pore
356 3183 492 3262 inprimis
524 3191 703 3265 occupatum
730 3184 825 3246 fuisse
846 3185 962 3246 ratione
987 3185 1045 3248 sibi
1069 3186 1246 3246 accuratius
1272 3187 1368 3268 expli·

259 3285 368 3356 nanda,
390 3307 459 3366 quoe
483 3286 652 3349 christianes
674 3288 817 3368 religioni
842 3309 911 3349 eum
931 3288 1090 3369 disciplina
1109 3289 1254 3352 Messius
1277 3292 1370 3352 inter·

260 3389 397 3450 eederet.
440 3387 477 3446 lu
498 3387 555 3447 hae
577 3391 695 3450 ratione
715 3395 925 3454 constituenda
948 3415 1040 3476 quum
1058 3394 1169 3476 reliqui
1188 3397 1275 3456 Jesu
1298 3417 1369 3478 apo·

259 3493 332 3555 stoli
354 3493 516 3552 etiamnum
544 3491 629 3552 dubii
651 3494 848 3572 haesitarent,
871 3498 1007 3572 Paulus,
1043 3520 1100 3580 pro
1124 3500 1281 3580 singulari
1305 3502 1369 3573 illa,

261 3617 329 3682 quae
349 3597 409 3658 sihi
425 3595 608 3678 eontigerit„
622 3599 825 3664 efformatione
842 3605 881 3665 ad
895 3625 1002 3666 munus
1022 3605 1229 3688 apostolieum
1252 3607 1370 3672 obeun-

261 3701 346 3774 dum,
368 3700 484 3780 primus
507 3708 585 3773 erat,
609 3704 662 3783 qui
680 3707 837 3768 veritatem
857 3707 978 3788 plenam
995 3707 1026 3770 ds
1038 3709 1189 3790 integrum
1204 3712 1372 3794 perspexit

127 3847 128 3851 ,
261 3811 513 3886 perspectamque
534 3826 630 3888 usqua
653 3808 781 3877 adsita
804 3813 894 3872 linem
917 3813 1156 3886 constantissime
1185 3815 1227 3880 ab
1251 3817 1369 3898 impetu

261 3909 394 3978 omnium
416 3909 657 3976 adversariorum
686 3912 833 3978 defendit.
862 3949 906 3964 -
925 3917 1038 3998 Legem
1058 3899 1227 3980 ldusaieam
1255 3921 1370 3984 divium

262 4002 329 4077 esse
349 4014 493 4097 originis,
542 4015 656 4078 Paulus
690 4038 750 4082 nou
771 4003 865 4104 magis
890 4023 979 4103 (Ῑιιαιίι
1002 4022 1112 4107 reliqui
1142 4025 1283 4106 apostoli
1316 4026 1370 4088 da-
