2862 4708
336 243 419 365 ue

267 501 350 564 tione
372 495 626 581 perversertitatis
654 497 775 554 summe
798 490 830 554 ds
853 488 938 552 velut
960 488 1162 552 hereditariae
1183 489 1368 552 «ludaeorum

267 627 340 668 mex
361 603 462 666 addita
479 603 524 685 (v.
551 599 605 683 15)
626 605 765 681 apparet,
787 596 917 657 Paulum
939 595 1128 676 potissimum
1151 598 1366 678 cogitasse-de

268 711 385 774 ludaeis
406 716 440 768 ut
464 707 619 768 aratoribus
638 706 758 766 illarum
780 703 992 773 vexationum,
1024 701 1137 783 quippe
1164 703 1223 783 qni
1246 703 1365 784 indigue

268 785 396 887 ferrent,
418 814 603 874 consortium
624 810 775 873 felicitatis
789 807 876 888 regni
895 806 1040 868 Messiaui
1060 806 1232 868 secundnm
1257 808 1368 868 doctri·

268 943 337 982 nam
364 919 571 1003 apostolorum
593 917 757 1001 gentilibus
789 933 910 997 quoquc
941 907 1087 974 oblatum
1101 915 1197 977 fuisse
1223 922 1274 996 (v.
1301 922 1365 996 lu).

270 1025 338 1088 Cfr.
400 1025 433 1090 5.

359 1024 528 1213 i’cstqnen
556 1127 671 1192 Paulus
701 1147 718 1186 c
746 1123 925 1189 Macedonia
958 1124 1140 1187 discesserat
1172 1126 1207 1189 de
1236 1127 1366 1190 Athenis

270 1237 398 1302 visitatis
422 1235 601 1298 Corinthum
623 1233 778 1315 profectus
802 1238 879 1303 eret,
900 1229 1078 1292 Timotheus
1099 1229 1132 1293 ds
1154 1232 1234 1294 Silas
1251 1235 1285 1292 in
1305 1233 1366 1293 hac
1426 1233 1427 1288 l

270 1344 347 1406 urhe
371 1361 440 1402 eum
464 1347 670 1402 convenerunt
693 1338 779 1413 (set.
795 1337 849 1409 18,
871 1333 967 1398 sofr.
988 1337 1006 1396 1
1025 1335 1137 1397 Thess.
1161 1338 1250 1416 3,(1)
1271 1339 1363 1421 eique
1424 1309 1427 1400 l

270 1447 458 1520 nuntiarunt,
480 1465 547 1528 qnae
570 1443 630 1506 hire
650 1461 746 1524 usque
770 1441 850 1502 inter
861 1440 1147 1506 Thessalonicenses
1170 1443 1363 1504 accidissent.

271 1553 380 1635 Neque
409 1552 441 1612 in
469 1549 526 1610 hac
553 1548 699 1610 relatione
723 1546 848 1627 vestigia
877 1546 941 1606 ulle
968 1547 1162 1628 reperiuntur
1185 1549 1365 1630 suspicionis

272 1658 304 1724 ά
327 1657 465 1730 invidie,
513 1675 603 1738 quam
634 1651 940 1716 tadeo-Christiani
968 1651 1050 1712 haud
1088 1673 1158 1714 rere
1195 1654 1228 1726 in
1263 1655 1366 1715 animis

272 1761 673 1838 hillerico-Christianorum
703 1765 807 1820 contra
830 1756 960 1818 Paulum
981 1757 1111 1818 excitare
1132 1759 1320 1832 studchant3
1349 1781 1365 1819 e

273 1869 425 1934 contrario
447 1867 626 1930 Timotheus
651 1863 778 1928 &Silas
800 1881 861 1924 non
884 1861 982 1924 solnm
1002 1863 1149 1944 insignem
1166 1867 1364 1926 constantiam

273 1976 423 2058 animique
452 1973 659 2034 fortitudinem
682 1970 863 2044 laudabant,
899 1991 959 2052 qua
983 1968 1145 2030 Christiani
1168 1971 1363 2032 Thessaloni-

273 2102 379 2145 censes
394 2087 522 2162 propter
538 2079 696 2158 iugenuam
716 2075 850 2138 veritatis
866 2075 1084 2156 professionem
1101 2075 1266 2139 durissime
1287 2099 1362 2162 quac-

275 2209 335 2274 qne
356 2173 494 2270 perpessi
514 2185 641 2246 fuissent
669 2183 749 2243 intcr
770 2181 931 2265 populares
953 2201 1037 2254 suos,
1060 2202 1166 2243 verum
1186 2184 1284 2244 etiam
1304 2207 1362 2266 gra-

273 2303 337 2358 tum
354 2293 548 2356 celehrahant
560 2291 702 2362 animum
724 2309 785 2371 quo
801 2287 1100 2362 Thessalonicenses,
1119 2287 1211 2348 Pauli
1233 2288 1362 2350 doctoris

275 2401 323 2464 sni
345 2420 464 2481 semper
482 2417 644 2469 memores,
682 2394 747 2477 ejus
761 2393 883 2457 videndi
904 2393 1003 2456 studio
1021 2393 1182 2475 flagrarent
1199 2396 1234 2471 (l
1254 2396 1362 2458 Thess.

275 2507 378 2584 3,(1).
438 2505 548 2566 Omnia
570 2503 662 2584 igitur
684 2501 817 2562 indicere
841 2499 1002 2573 videntur,
1039 2507 1146 2560 caetum
1168 2499 1364 2562 Thessaloni·
1425 2533 1426 2542 κ

277 2610 412 2672 censium
434 2608 533 2670 Paulo
557 2607 673 2668 sincere
694 2606 847 2666 addictum
870 2626 967 2688 neque
987 2606 1175 2668 adversarios
1196 2605 1364 2667 malevolos

277 2714 387 2778 exinde
412 2714 470 2774 sihi
491 2711 669 2774 metuendos
689 2712 793 2773 fuisse.
841 2711 981 2774 Attamen
1002 2713 1126 2772 comites
1141 2711 1282 2793 Apostoli
1298 2733 1362 2772 non

275 2821 429 2893 tacebant,
461 2818 565 2901 plures
586 2837 712 2892 eorum,
745 2817 797 2899 qui
817 2817 1043 2882 Thessalonicae
1065 2817 1222 2879 Christum
1238 2817 1361 2898 profite-

275 2935 394 3002 rentur,
414 2927 446 2988 in
467 2927 566 2988 varios
587 2945 707 2986 errores
729 2922 760 2984 ds
778 2921 996 2984 sollicitudines
1019 2923 1172 3003 conjectos
1193 2944 1275 2997 esse,
1296 2923 1363 3006 qni·

276 3037 334 3099 hus
355 3033 492 3096 fovendis
522 3031 659 3094 doctrine
686 3029 777 3092 Pauli
808 3031 846 3090 de
877 3028 1004 3090 solemni
1025 3029 1103 3090 «lesu
1127 3029 1242 3091 Christi
1264 3031 1364 3091 reditu
1425 3013 1426 3062 l

277 3141 481 3206 occassionem
502 3138 669 3220 praehuisse
694 3135 790 3198 videri
811 3142 927 3216 posset.

366 3246 481 3308 Paulus
505 3243 605 3317 enim,
642 3264 735 3326 quum
761 3243 841 3304 inter
870 3241 1154 3306 Thessalonicenses
1176 3248 1361 3313 versaretur,

277 3350 371 3412 multa
401 3352 439 3412 de
469 3349 600 3410 adventu
621 3348 745 3410 Domini
763 3369 801 3410 ac
824 3347 966 3410 felicitate
988 3369 1045 3430 per
1069 3369 1137 3408 eum
1155 3347 1283 3428 jamjam
1306 3349 1363 3408 ori-

277 3463 345 3515 tura
375 3455 514 3516 fidelihus
534 3455 598 3536 ejus
622 3455 788 3516 cultorihns
809 3475 846 3515 co
869 3455 994 3516 co‘usilio
1016 3455 1241 3536 disputaverat,
1265 3461 1305 3513 nt
1327 3474 1363 3514 eo

278 3558 390 3640 mejeri·
406 3549 474 3620 cum
500 3561 675 3620 fortitudine
701 3559 732 3621 e
760 3559 913 3622 alacritate
936 3559 1230 3622 Thessalonicenses
1246 3560 1364 3620 calami·

277 3671 355 3725 tetes
376 3663 407 3728 <t
429 3663 552 3745 iujurias
572 3667 743 3746 perferrent
763 3666 944 3747 professioni
963 3667 1112 3760 evangelii
1129 3667 1262 3748 junctas.
1322 3667 1364 3727 Ut

278 3769 389 3852 reliqui
408 3771 485 3831 ,lesu
501 3771 636 3858 'apostoli
654 3773 737 3850 (Jac.
758 3773 792 3846 5,
814 3774 846 3834 Β.
867 3774 885 3835 l
906 3771 977 3834 Pet.
999 3773 1033 3844 4,
1054 3773 1087 3834 7.
1112 3774 1131 3834 l
1152 3772 1228 3833 Joh.
1252 3773 1288 3844 2,
1310 3774 1364 3850 18)

278 3876 394 3939 Paulus
409 3898 529 3960 quoque
543 3885 660 3959 tempus
678 3877 767 3958 hujus
782 3879 928 3938 adventus
941 3879 1078 3958 proxime
1094 3879 1204 3959 instare
1218 3867 1257 3960 ‘(1
1271 3879 1362 3939 Tess.

278 3971 312 4056 4',
336 3985 387 4048 15.
411 3986 430 4046 1
454 3985 529 4047 Cor.
553 3985 607 4058 15,
629 3987 686 4062 51)
709 3983 901 4058 existimavit,
925 4005 1094 4067 quemnam
1116 3984 1278 4045 verborum
1300 3984 1365 4044 Dc·

279 4089 350 4148 mini
384 4089 469 4167 (Act.
493 4095 525 4165 1,
557 4092 658 4156 7efr·
672 4159 674 4166 ,
689 4091 787 4156 Marc.
818 4093 872 4164 13,
901 4091 954 4154 32.
978 4091 1091 4156 Metth.
1112 4090 1168 4163 24,
1188 4091 1246 4170 to)
1266 4089 1364 4170 prohe
