2864 4712
259 470 380 538 nonnisi
415 469 455 534 ad
494 477 653 534 exmrnum
681 466 743 534 oei
780 465 896 532 cnttnm
927 467 1139 556 pertinebat,
1183 469 1278 554 e'equi
1319 488 1370 534 so-

259 581 363 653 lebat,
402 579 450 640 hir
477 563 587 640 verbis¹
606 578 626 639 l
646 575 725 638 Gor.
743 578 778 648 o,
799 577 860 639 2⁰2
898 567 1068 664 ἐγενόμην
1096 585 1169 649 τοῖς
1199 569 1369 650 ’Iudaicae

261 679 306 761 uir
329 680 485 760 'Iudaica
514 685 571 748 ἵνα
593 672 738 754 ’Isdut'sr
758 671 906 768 κερδήσω
927 715 1029 733 --
1042 713 1086 732 -
1109 691 1182 753 eutr
1214 671 1368 765 α’νόμοις

260 783 307 862 uie
329 785 461 873 ἄνομος
476 821 520 838 -
535 821 578 836 -
591 823 635 838 -
649 791 706 852 ἵνα
731 775 880 871 κερδήσω
912 778 1043 872 οἷνόμες
1057 819 1101 836 -
1128 786 1244 846 diserte
1266 807 1364 846 euua-

260 894 359 954 tiavit.
412 893 456 954 Ut
473 892 588 954 Paulus
619 893 712 972 igitur
736 891 818 951 inter
845 891 974 972 gentiles
1002 892 1116 972 degens
1137 911 1201 950 non
1220 892 1365 973 religioni

261 999 349 1060 duxit
370 998 486 1081 aliquid
508 997 546 1058 dc
570 995 965 1078 severiorilpraeeeptorum
987 997 1196 1058 Moseieorum
1220 998 1365 1060 ohserva-

260 1105 344 1182 tione
364 1105 533 1174 remittere,
561 1101 605 1162 ita
626 1103 707 1162 inter
726 1103 855 1165 Judseos
879 1121 1004 1164 versans
1027 1101 1197 1182 disciplinae
1215 1104 1363 1167 Mosaicae

259 1209 342 1272 haud
364 1191 479 1270 temere
503 1227 536 1268 se
560 1207 706 1268 subduxit
716 1210 761 1286 ¹).
816 1207 921 1283 Quum
942 1206 1111 1296 Apostolus
1133 1207 1362 1270 Ethnico-chri-

261 1316 375 1376 etianoe
400 1315 458 1376 sibi
472 1333 579 1374 cerere
596 1311 734 1394 juberet,
756 1331 795 1370 nc
813 1311 951 1374 liberiori
971 1311 1093 1378 vivendi
1112 1313 1232 1374 ratione
1254 1315 1362 1376 flatrcs

261 1418 500 1490 imbecilliores,
536 1418 590 1500 qui
617 1417 695 1478 ritus
716 1415 855 1477 leviticos
882 1417 1045 1498 diligenter
1069 1417 1282 1492 observarent,
1317 1428 1362 1480 te*

261 1541 345 1586 mere
369 1523 577 1595 offenderent,
611 1521 659 1582 hie
683 1522 846 1603 praeeeptis
867 1543 975 1604 parum
998 1523 1216 1584 convenienter
1236 1525 1360 1605 epirum,

262 1629 302 1702 si,
326 1628 446 1710 quando
462 1649 524 1688 non
546 1627 615 1690 alite
638 1645 735 1688 eausae
756 1627 911 1707 graviores
933 1629 1114 1690 contrariam
1130 1629 1278 1690 rationem
1294 1651 1361 1690 sua·

262 1733 372 1794 dorent
400 1731 519 1816 (quales
549 1732 675 1794 aderent
707 1731 778 1794 Gal.
804 1733 839 1805 2,
870 1735 908 1796 11
937 1737 1037 1816 susp),
1070 1733 1124 1794 illa
1152 1735 1360 1798 moderatione

261 1840 328 1921 ipse
349 1859 411 1900 non
426 1861 499 1901 usus
517 1845 610 1900 esset.
652 1837 1020 1900 Praetercaetatuendum
1041 1859 1108 1900 esse
1122 1839 1258 1914 videtur,
1280 1842 1360 1902 Pan·

261 1944 326 2005 lum
354 1952 390 2005 ut
416 1945 492 2006 alios
517 1943 654 2004 homines
685 1943 753 2024 pios
783 1965 819 2004 ee
846 1944 963 2004 ratione
992 1945 1136 2025 pietatem
1165 1965 1253 2004 suam
1280 1945 1360 2007 haud

261 2067 332 2112 raro
354 2050 524 2129 exprimere
545 2050 642 2130 iisque
663 2049 814 2128 presidiis
836 2049 1013 2110 confirmare
1036 2047 1184 2122 voluisse,
1210 2051 1360 2132 quitrusa

260 2174 358 2236 puero
381 2173 454 2214 usus
476 2162 571 2228 esset,
593 2154 728 2236 mma
751 2153 848 2234 probe
870 2161 1002 2228 teneret,
1025 2155 1168 2238 pietatem
1187 2157 1285 2222 animi
1302 2177 1360 2217 non

261 2260 353 2322 certis
376 2259 438 2320 illis
466 2261 575 2322 ritibus
598 2259 769 2320 necessario
791 2259 966 2322 adstrictam
989 2259 1068 2320 csse.
1123 2261 1257 2322 Euhoe
1282 2263 1359 2322 desi·

238 2365 362 2438 ¹derio,
397 2366 447 2425 cui
466 2365 686 2446 adjungebatur
706 2365 838 2426 studium
860 2367 980 2428 Judaeir
1001 2366 1164 2447 probandi,
1194 2389 1288 2448 quam
1308 2388 1358 2449 pa·

261 2491 329 2531 rum
358 2491 377 2530 a
403 2469 496 2528 sacris
514 2467 645 2548 judaicis
671 2489 728 2550 per
758 2491 791 2532 se
818 2471 962 2552 spectatis
987 2470 1103 2532 elienor
1133 2479 1236 2544 esset,
1273 2493 1358 2555 repe·

261 2574 353 2638 tenda
375 2565 443 2634 esse
466 2573 608 2634 videntur
628 2574 737 2636 itinera
758 2575 825 2649 illa,
850 2597 917 2658 qnae
937 2577 1093 2658 suscepit,
1121 2584 1156 2636 ut
1176 2578 1358 2661 Hierosoly·

261 2680 318 2742 mis
340 2680 418 2740 testa
438 2676 621 2741 Judaeorum
638 2681 820 2755 celebraret,
841 2681 912 2744 ter.
937 2684 991 2755 18,
1012 2684 1066 2745 21.
1089 2683 1144 2754 2⁰,
1167 2684 1221 2744 lo.

354 2784 432 2859 Qum
455 2785 555 2845 omnia
583 2807 675 2867 quum
703 2787 785 2847 hund
818 2787 983 2869 prohibere
1015 2795 1160 2868 possent,
1198 2789 1357 2869 quominus

259 2888 428 2972 Apostolus
450 2889 482 2950 iu
503 2891 605 2952 odium
627 2889 797 2954 incurreret
814 2893 992 2954 dedecorum
1010 2892 1220 2965 fanaticorum,
1241 2913 1356 2953 summa

259 3003 359 3056 tanuen
387 2994 552 3084 prudentia
579 2997 678 3058 omnia
705 2997 819 3058 evitare
850 2992 1013 3070 studebnt,
1051 3017 1121 3080 qooe
1153 2999 1259 3082 odium
1277 2997 1355 3058 iilud

175 3103 181 3110 ’
258 3109 373 3166 temere
401 3109 582 3183 augerent.-
608 3101 827 3164 vexationibus
858 3110 1087 3190 persecutorum
1118 3123 1180 3164 nou
1193 3145 1197 3148 -
1212 3105 1357 3186 opposuit

258 3208 453 3287 pertinaciam
467 3208 564 3280 illam,
584 3227 653 3290 quae
675 3229 713 3267 cx
728 3208 911 3288 imprudenti
932 3208 1068 3290 martyrii
1088 3208 1256 3289 cupiditate
1276 3209 1354 3270 haud

149 3397 151 3402 Ι
258 3330 329 3372 raro
353 3318 420 3370 orta
442 3313 649 3374 tantummodo
672 3313 789 3374 valeret
817 3315 856 3374 ad
880 3311 995 3376 animos
1025 3313 1158 3374 hostium
1178 3315 1281 3376 acrius
1305 3336 1354 3376 ex·

258 3413 457 3474 acerbandos.
500 3417 770 3480 Judaeissalutem
792 3417 851 3482 eibi
869 3421 1001 3494 oblatam
1016 3420 1242 3497 contumaciter
1265 3441 1354 3503 repn-

259 3519 409 3578 diantibns
434 3539 569 3600 poenam
604 3522 726 3603 quidem
756 3525 886 3587 divinam
917 3533 1001 3590 certo
1035 3526 1168 3586 futurem
1202 3527 1353 3609 impavide

130 3641 136 3646 ·
258 3623 445 3685 annuntiavit
463 3624 546 3721 (dot.
573 3627 852 3705 13,4o.41.18,
876 3634 924 3711 θ),
948 3631 1003 3692 scd
1023 3630 1191 3713 prudenter
1215 3633 1352 3703 carebat,

274 3784 307 3852 1)
324 3785 382 3838 ”Er
400 3781 541 3840 veretur
559 3791 755 3859 possetisne
775 3792 874 3870 Gottes
893 3792 974 3847 nieht
992 3810 1131 3864 gesseron,
1150 3809 1234 3846 werin
1252 3809 1284 3846 so
1302 3791 1354 3846 wie

268 3923 271 3930 .
325 3875 373 3928 die
388 3877 481 3930 tuden
508 3896 560 3932 ror
586 3881 638 3933 der
662 3881 846 3936 heidnirohen
871 3885 944 3939 Sitte
967 3885 1288 3948 eurictecheuderteu‚
1325 3901 1355 3935 er

250 3973 253 3980 ’
326 3967 408 4022 einen
426 3969 574 4024 Schneider
591 3990 644 4030 vor
661 3975 880 4042 deridetisehen
896 3977 969 4034 Sitte
987 3977 1095 4050 gehubt
1113 3976 1223 4033 hitte.”
1251 3977 1354 4032 Sodro-

327 4059 378 4115 dcr
396 4060 415 4116 l.
437 4079 459 4116 o.
478 4081 506 4132 p.
527 4060 587 4118 315.
