2864 4712
985 230 1098 416 ,ἐι

64 526 220 606 gistratum
243 522 474 604 Philippensem
496 521 535 582 acl
556 520 669 582 illatam
692 522 830 582 iniuriam
849 517 1048 602 “parentiam
1071 539 1160 604 coge-

61 637 121 690 ret.
143 661 186 676 -
207 629 349 710 Denique
382 627 414 688 in
439 622 536 688 Paulo
568 648 606 686 ne
633 626 793 707 uestigium
816 626 938 708 qsaidem
968 627 1050 687 illius
1076 627 1157 688 iana·

59 736 144 796 tisun
170 741 307 816 apparet,
340 749 401 816 que
425 733 474 792 alii
494 733 641 822 evangelii
662 731 879 814 praedicatores
901 737 962 792 tam
980 753 1063 814 saepe
1086 733 1158 793 reli-

58 842 169 922 giones
201 839 357 920 gentilium
395 839 492 898 adorti
520 846 601 898 sunt.
664 837 855 918 magistratui
882 835 1037 918 Ephesiae
1068 859 1156 900 carus

57 952 129 1006 erat
153 947 222 1022 (19,
244 946 313 1018 31),
338 943 429 1026 quid!
459 944 542 1025 quod
562 934 787 1030 ypoppsoeerlc
806 941 859 1000 ille
882 944 1053 1023 apostolum
1074 943 1155 1026 ejus-

56 1071 121 1132 que
145 1049 270 1116 comites
290 1043 367 1113 coice
387 1039 581 1134 stpoocilovc
598 1043 677 1113 οὔτε
698 1045 966 1132 βλασφημῡντας
986 1040 1052 1132 τήν
1066 1043 1156 1117 θεὸν

53 1145 292 1239 (Aesonide),
323 1154 479 1233 professus
500 1160 548 1212 est
570 1154 638 1233 (19,
662 1154 730 1232 87).
779 1151 915 1212 Eandem
936 1155 1113 1214 sententiam
1136 1175 1155 1215 a

53 1258 280 1339 magistratibus
298 1256 928 1340 Thessalonicensibus&Corinthiacissle
946 1256 1045 1318 Paule
1063 1256 1155 1319 latam

51 1385 136 1438 esse,
157 1369 286 1445 apparet
300 1383 340 1423 ex
353 1363 425 1424 Act.
448 1365 502 1435 1⁷,
523 1361 581 1426 5·ss
601 1369 632 1422 et
652 1363 830 1436 18,12-16.
875 1361 963 1423 Felix
985 1369 1017 1422 et
1029 1361 1152 1435 Festus,

52 1468 212 1553 quinulla
233 1467 293 1527 alia
312 1468 428 1528 ratione
450 1467 489 1528 ad
508 1489 626 1550 cansam
648 1467 738 1528 Pauli
756 1467 857 1550 aliqua
879 1475 1025 1550 exparte
1046 1489 1152 1528 curan·

51 1576 125 1634 dam
145 1573 279 1654 permoti
299 1580 390 1646 sunt,
423 1595 512 1655 qnam
542 1573 625 1655 quod
654 1571 770 1633 Judaeis
802 1573 969 1654 graviss'nni
1000 1595 1067 1634 esse
1087 1595 1151 1634 mo·

49 1677 153 1739 menti
173 1676 347 1746 ridebatur,
370 1675 476 1755 majori
496 1685 579 1736 certe
594 1677 625 1736 in
639 1677 771 1736 Paulum
790 1679 839 1737 nsi
860 1687 961 1739 essent
980 1679 1150 1750 atrocitate,

48 1781 204 1868 siminus
227 1778 398 1838 modestum
419 1787 450 1838 et
471 1780 624 1860 placidum
646 1781 801 1860 apestolus
826 1801 894 1846 eum
916 1781 1071 1861 discipulis
1090 1783 1151 1840 suis

48 1909 91 1949 se
116 1885 275 1967 gessisset.
325 1884 482 1946 Perstet-ea
513 1903 611 1966 neque
643 1883 762 1944 illarum
797 1883 916 1944 urbium
949 1885 1151 1966 magistratus,

49 2011 156 2074 neque
193 1989 298 2070 Lysias
326 1989 506 2050 chiliarchus
529 1989 612 2050 muta
642 2009 714 2070 erga
742 1986 913 2070 apostolum
941 1989 1152 2051 benevolentia
1256 2073 1260 2082 ι

48 2096 151 2159 affecti
173 2095 322 2167 luissent,
360 2095 418 2154 nisi
446 2095 619 2177 aequitatcm
649 2096 713 2154 eius
743 2102 774 2153 et
804 2095 1030 2175 temperantiam
1047 2095 1150 2155 'animi

50 2201 281 2283 cognovissent.
336 2200 431 2260 Juvat
453 2221 574 2282 qnoque
598 2199 850 2271 animadvertere,
884 2207 1025 2280 quantum
1047 2201 1149 2262 existi·

48 2307 145 2369 matio
167 2312 198 2365 et
211 2305 305 2364 amica
319 2303 476 2384 gentilium
495 2305 635 2365 voluntas
657 2303 812 2386 paullatim
834 2303 1038 2379 adcresceret,
1058 2327 1150 2388 quum

50 2434 105 2476 res
135 2410 166 2472 ele
194 2429 355 2491 personam
387 2409 477 2469 Pauli
517 2412 683 2471 accuratius
722 2429 905 2490 cognoscere
941 2409 1015 2492 ipsis
1054 2411 1148 2474 conti.-

51 2518 170 2599 gissets
202 2515 234 2574 id
263 2515 295 2574 in
323 2514 431 2596 Lysia,
468 2515 501 2576 id
529 2517 561 2578 in
583 2516 668 2577 «lulio
693 2517 760 2600 (27,
782 2515 815 2578 3.
838 2513 894 2596 43)
923 2515 1077 2590 cernitur,
1115 2517 1147 2576 in

51 2621 200 2706 praelecto
231 2619 361 2701 (lenique
385 2621 531 2700 praetorio
559 2623 627 2705 (28,
647 2607 715 2703 to),
738 2620 790 2703 qui
814 2620 878 2679 sins
904 2620 997 2682 dubio
1019 2629 1050 2680 et
1070 2619 1148 2681 Julii

51 2734 87 2786 et
111 2724 196 2786 Festi
215 2723 406 2797 testimoniis,
428 2731 462 2784 ut
482 2725 611 2787 Paulum
634 2726 810 2788 clementius
832 2733 974 2787 tractaret
998 2725 1067 2804 (28,
1091 2725 1144 2788 le.

49 2833 108 2895 8⁰.
125 2832 194 2910 ³1),
216 2837 371 2911 permotus
392 2837 450 2892 est.

430 3021 772 3038 w

144 3146 224 3223 Quae
250 3145 288 3206 sle
307 3141 423 3206 ratione
445 3146 577 3208 Paulum
598 3145 678 3204 inter
698 3142 729 3205 e
753 3142 941 3204 adversarios
961 3139 1027 3220 ejus
1051 3158 1068 3201 e
1088 3137 1145 3200 ἔιιὁ

50 3251 191 3311 daeorum
215 3251 430 3334 gentiliumque
456 3271 582 3314 numero
613 3239 819 3310 intercedente
842 3246 988 3306 hactenus
1013 3244 1145 3327 disputa-

49 3355 165 3430 vimus,
189 3355 368 3438 plerumque
393 3377 432 3417 ex
455 3357 542 3418 Acteis
562 3355 791 3440 Apostolorum,
828 3353 880 3435 qui
903 3353 967 3414 fere
991 3349 1074 3412 solus
1099 3352 1171 3412 est'

46 3461 118 3520 fons
142 3462 231 3520 nobis
252 3461 309 3522 hac
329 3461 368 3522 sle
391 3483 425 3522 re
449 3461 671 3534 consulendus,
698 3459 828 3543 repetita
849 3443 944 3519 sunt(
981 3458 1018 3518 ln
1038 3479 1144 3536 monu-

46 3565 159 3624 mentis
184 3565 283 3638 enim,
318 3587 390 3648 quse
414 3567 452 3627 ab
476 3567 543 3648 ipso
571 3566 669 3627 Paulo
699 3567 806 3627 relicta
834 3571 924 3638 sunt,
959 3563 1047 3646 eopia
1074 3584 1144 3624 rere

45 3671 127 3730 sacta
154 3677 219 3730 erat
248 3651 287 3730 de
308 3671 427 3734 Judaeis
450 3671 480 3734 dc
504 3670 666 3752 gentilibus
693 3671 734 3730 ita
756 3649 884 3752 agendi,
916 3677 951 3730 nt
972 3669 1142 3750 singulariS,

46 3797 109 3857 qua
130 3757 246 3837 Paulus
262 3797 330 3836 cum
345 3779 382 3838 iis
404 3777 559 3850 utebatur,
574 3777 652 3837 ratio
674 3782 969 3836 commemoraretur.
1013 3774 1144 3851 Quando
1164 3752 1170 3760 ⁸
1192 3785 1200 3793 “

45 3881 79 3940 in
114 3881 254 3962 epistolis
289 3881 426 3942 Paulinis
463 3883 617 3950 hominum
655 3880 745 3940 tidem
773 3879 911 3940 Christo·
933 3879 1144 3958 denegantium

43 3986 159 4061 mentio
181 3987 227 4058 tit,
250 3986 408 4068 apostolus
423 3987 603 4070 plerumque
628 3985 661 4046 id
680 3985 886 4044 antummodo
902 3985 975 4064 agit,
998 3987 1032 4039 ut
1053 3978 1143 4038 ceria

43 4091 160 4154 stiones
190 4090 229 4152 ad
252 4092 449 4154 constantiam
473 4091 696 4176 &patientiam
718 4088 896 4152 calceetur
917 4087 947 4148 iu
972 4081 1143 4144 calamitati·
