2862 4708
296 247 379 338 12⁴

227 473 387 554 ipsamque
408 467 539 531 Paulum
553 483 659 530 rernm
677 467 757 528 «lesu
776 467 909 547 legatum
924 473 1137 548 agnmeerent,
1160 469 1323 548 gentilibus

226 577 364 658 inprimis
393 574 556 634 edocendis
580 573 612 634 ct
639 573 851 634 convertendis
890 572 1034 632 divinitus
1064 573 1252 632 destinatum
1279 575 1322 655 (ἲ,

227 684 332 758 l-ltt).
379 680 534 756 Quantum
555 677 688 750 abesset,
709 685 744 737 ut
763 678 924 738 autoritate
945 679 1070 738 cederet
1088 677 1148 736 ulli
1169 679 1325 758 apostolo·

227 809 295 850 rnna
315 785 406 856 dean,
430 783 539 842 exinde
560 781 690 862 intelligi
716 803 821 863 posse,
845 782 928 864 quod
948 783 980 841 iu
1003 783 1109 842 eadem
1131 805 1182 854 re,
1205 785 1247 842 de
1268 806 1325 864 qua

226 911 296 954 euru
312 888 453 971 judaiatis
476 887 736 968 inpraesentiarum
757 895 913 967 ageretur,
933 888 1046 947 Petrus
1066 888 1134 968 ipse
1155 889 1232 948 olim
1254 912 1273 948 a
1293 911 1323 948 se

226 995 326 1080 palam
356 1001 477 1056 notatus
505 993 583 1054 lraue
607 991 696 1052 Pauli
729 992 982 1072 vituperationem
1005 993 1120 1071 justam
1151 995 1325 1074 agnovisset

227 1105 279 1181 (2,
292 1103 331 1164 11
346 1103 446 1182 aqq.).
488 1097 581 1176 Quod
593 1117 667 1158 vero
679 1097 718 1156 ad
728 1097 967 1156 criminationem
976 1096 1119 1155 attineret
1128 1098 1323 1171 adulationis,

227 1227 288 1290 qua
309 1205 424 1266 l‘anlua
447 1202 610 1285 gentilibus
626 1203 741 1284 nquius
757 1200 843 1281 justo
859 1222 892 1260 se
914 1202 1185 1274 accommodasset,
1211 1213 1324 1264 sortem
1411 1227 1412 1230 ¹

226 1311 376 1382 adlietam,
399 1329 458 1390 qua
480 1313 630 1377 uteretur,
656 1307 728 1366 satis
749 1307 894 1387 probare,
918 1329 1007 1387 quam
1029 1327 1137 1386 parum
1159 1309 1251 1368 lavor
1271 1311 1323 1370 lao-

226 1415 339 1476 miuum
370 1411 428 1472 ailti
459 1429 539 1472 curre
575 1409 721 1492 cordique
749 1418 850 1483 esset3
889 1411 1025 1492 alioquin
1051 1412 1131 1471 euim
1167 1414 1323 1494 religionis

226 1517 396 1582 elrridianm
425 1535 514 1580 causa
544 1514 710 1576 commodis
739 1515 936 1576 terrestribus
959 1537 1022 1575 non
1043 1519 1254 1579 renunciasset
1275 1521 1320 1602 (1,

226 1625 295 1704 lo).
339 1621 477 1684 'l'aodem
496 1618 641 1692 ostendit,
661 1640 722 1680 uon
742 1641 823 1693 esse,
845 1621 929 1704 quod
949 1621 1031 1684 haud
1052 1643 1199 1682 summam
1221 1646 1322 1704 quam

226 1729 273 1792 ria
295 1727 469 1790 felicitatem
491 1731 706 1807 appreearetur
728 1724 858 1798 Galatis,
884 1727 937 1807 qui
955 1733 987 1786 et
1005 1727 1065 1807 ipsi
1084 1727 1322 1789 luculentissima

226 1833 393 1896 edidissent
422 1829 577 1892 tenerrimi
607 1829 639 1888 in
670 1829 769 1910 ipsum
784 1831 910 1902 „amoris
939 1832 1111 1891 testimonia
1137 1834 1318 1906 4,14‹1r.

226 1941 269 2004 sa
290 1935 540 2020 nunquamjaliud
557 1935 746 2016 evangelium
763 1935 923 1996 tradidisse
946 1956 1035 2017 qnam
1056 1936 1140 2018 qnod
1151 1935 1218 2015 jam
1233 1927 1319 2000 xacce-

225 2043 342 2128 pissant
371 2041 409 2102 do
434 2039 557 2116 Christo
582 2039 665 2099 eruci
686 2039 774 2099 alliso
798 2041 832 2111 l,
856 2041 889 2101 Β.
913 2043 947 2102 9.
1000 2041 1077 2102 Eam
1107 2041 1231 2106 demum
1254 2066 1318 2104 esse

225 2169 366 2222 canum,
398 2165 452 2208 cnr
482 2145 643 2206 etiamnum
657 2161 790 2225 ‘acmpcr
819 2146 993 2224 gravissime
1018 2155 1181 2206 vexaretur
1203 2149 1238 2220 5,
1266 2153 1316 2212 11.

225 2253 412 2316 (inhortatur
432 2249 553 2311 tandem
574 2249 717 2323 Galatas,
752 2257 787 2310 ut
809 2269 842 2309 se
871 2251 1047 2322 imitentur,
1078 2271 1148 2310 nam
1171 2253 1199 2312 is
1220 2253 1318 2336 legem

224 2357 389 2422 lloaainam
417 2355 587 2436 repudiavit
624 2363 715 2438 atque
748 2355 790 2417 ita
820 2355 906 2436 quasi
935 2355 968 2414 in
998 2375 1184 2436 paganorum
1216 2368 1317 2440 partes

223 2459 342 2524 transiit
363 2457 419 2540 (ζῶ
442 2457 587 2532 ἐθνικῶς
611 2452 656 2533 oie
680 2453 780 2545 ὑμεῖς
800 2461 834 2533 2,
855 2461 897 2522 14
916 2459 949 2530 4,
973 2461 1040 2536 12).

314 2565 436 2628 l’rmter
457 2563 534 2624 hanc
557 2565 858 2644 argumentationem,
882 2585 948 2646 qua
971 2566 1096 2646 proprie
1119 2567 1159 2626 ad
1181 2568 1317 2628 crimina-

148 2726 155 2742 ,
222 2669 321 2734 tiones
341 2669 372 2730 in
394 2687 554 2751 personam
573 2667 604 2730 dc
624 2670 816 2734 autoritatem
835 2669 1032 2751 apostolicam
1054 2671 1144 2732 Pauli
1165 2672 1317 2752 conjectas

222 2775 405 2840 refellendas
426 2773 619 2858 pertinebat,
651 2773 682 2834 in
702 2773 758 2834 hnc
779 2775 908 2855 epistola
932 2776 1076 2862 etiamid
1099 2778 1161 2857 egit
1184 2778 1317 2859 Aposto-

175 2937 180 2958 ,
221 2881 284 2956 lua,
307 2889 341 2944 ut
363 2880 483 2948 omnino
500 2879 646 2940 rationem
662 2877 829 2938 illustraret
847 2879 1035 2963 disciplinam
1058 2882 1223 2943 Mosaicam
1239 2885 1317 2944 inter

222 2985 254 3052 dr
281 2987 459 3070 religionem
486 2985 695 3058 christianam,
735 3005 802 3066 quae
831 2991 953 3058 nmen,
992 3009 1084 3069 quum
1108 3009 1126 3048 a
1153 3009 1188 3048 re
1213 2999 1316 3057 nostra

221 3093 315 3178 nangis
339 3093 435 3160 aliena
457 3093 529 3170 sint,
553 3091 705 3158 hocloco
729 3090 997 3175 pretermittimus.

309 3389 482 3470 Verisimile
513 3411 579 3480 est,
611 3406 742 3472 Paulam
772 3426 834 3466 non
858 3405 921 3464 aine
943 3405 1045 3464 fructu
1068 3403 1168 3465 studia
1190 3404 1316 3466 illorum

142 3563 148 3582 ,
214 3505 430 3590 judaizantium
455 3511 614 3570 doctorum
635 3518 695 3571 tam
719 3511 839 3571 fortiter
859 3511 1069 3590 impugnasse,
1107 3511 1243 3590 quamvis
1268 3531 1314 3570 er·

217 3631 303 3676 rores
325 3633 430 3674 corum
449 3616 513 3697 jam
532 3614 655 3675 altiores
678 3617 811 3702 egissent
834 3615 952 3676 radices
975 3637 1064 3702 quam
1083 3621 1120 3674 ut·
1136 3615 1238 3674 subito
1261 3637 1312 3675 ex-

216 3718 339 3800 stirpari
362 3725 500 3800 possent.
548 3717 683 3806 Contigit
704 3721 854 3808 Apostolo
871 3719 987 3806 Ephesi
1008 3719 1129 3779 circiter
1150 3707 1313 3782 triennium

216 3823 301 3900 (Act.
329 3827 381 3896 1⁰,
401 3826 435 3886 Θ.
459 3827 492 3888 ll·
519 3829 575 3885 elr.
599 3827 654 3899 20,
676 3828 732 3904 21)
762 3825 949 3906 evangelium
972 3845 1082 3906 purum
1106 3824 1137 3886 ἃ
1161 3827 1312 3891 sincerum

215 3929 255 3994 ita
278 3931 412 4004 tratlcrc,
433 3935 467 3990 ut
491 3949 551 3990 uon
574 3931 673 3990 solum
696 3931 768 3990 urhs
780 3931 996 4011 Ephesiorum,
1028 3951 1134 3992 verum
1149 3937 1214 3990 tota
1237 3931 1310 3994 Asia
1411 3995 1412 4000 χ

199 4032 311 4118 'vicina
336 4035 421 4120 <Asia
443 4035 681 4123 proconsularis)
704 4036 826 4100 salutari
843 4035 907 4120 ejus
931 4036 1119 4102 institutione
1143 4038 1308 4113 lineretur,
