2862 4708
1017 284 1096 370 lll

76 529 146 569 num
166 529 260 590 genus
282 509 406 590 gloriari
427 514 560 590 poterat,
581 527 614 568 se
637 505 793 588 evangelio
814 505 1005 588 predicando
1024 507 1161 570 theoct-c.

73 616 132 676 tiae.
146 615 289 676 Mosaicae
312 634 409 676 noros
425 621 595 704 'sectatores
620 613 785 694 colligere,
815 613 946 694 ideoque
968 614 1088 674 landem
1109 636 1162 676 ex-

72 726 213 801 spectare
241 721 443 802 auxiliumque
466 712 557 781 ¹etiarn
581 742 598 780 a
618 719 755 793 «luderis,
781 719 847 802 qni
870 722 1026 800 evangelio
1047 717 1163 784 Christi

71 825 291 896 erantqinfesti.
340 825 424 904 (Gal.
445 828 482 908 Ι6,
506 828 572 918 lit).

164 932 288 992 Pariter
305 951 338 990 se
356 925 485 992 habebat
507 955 575 994 cum
597 931 700 996 multis
718 927 892 1009 gentilibus,
917 930 980 1008 qni,
1002 937 1162 1012 antequam

71 1037 244 1099 Christiana
268 1033 363 1097 sacra'
378 1038 510 1120 amplexi
533 1044 621 1110 sunt,
652 1036 793 1116 religioni
807 1027 947 1114 'judaicus
968 1035 1085 1094 fucrant
1107 1037 1159 1096 cd·

72 1145 158 1206 dicti.
204 1143 253 1204 Ex
273 1143 436 1225 proselytis
458 1143 595 1204 Judaieia
623 1141 667 1214 ii,
697 1141 750 1222 qui
768 1147 862 1200 totam
877 1139 1070 1219 vdisciplinam
1093 1131 1176 1202 llo·¹

70 1251 180 1310 saicum
202 1257 398 1331 susceperant
419 1225 581 1330 (proselyti
597 1245 736 1328 justitiae)
753 1245 893 1325 religioni
905 1244 1080 1306 Christiane
1101 1247 1162 1326 pri·

70 1355 127 1414 mis
151 1355 272 1437 quidem
292 1333 479 1437 temporibus
500 1353 694 1420 inimicissimi
715 1373 782 1412 esse
805 1351 954 1411 solebant.
1003 1349 1098 1430 Cujus
1117 1352 1162 1410 rei

6 1443 21 1450 ”
70 1481 161 1521 causa
179 1461 267 1520 facile
289 1462 358 1521 inde
379 1461 544 1543 repetenda
565 1437 623 1532 est,
653 1458 735 1541 qnod
760 1457 867 1519 eodem
888 1451 994 1516 imbuti
1016 1464 1100 1517 erant
1118 1458 1162 1516 fa·

69 1567 200 1626 natismo
224 1569 424 1649 sordibusque
454 1565 695 1648 superstitionis,
728 1565 836 1646 quibus
867 1563 1001 1644 magistri
1026 1563 1162 1644 ipsorum

68 1670 186 1750 judaici
203 1670 424 1756 indulgebant,
484 1674 534 1732 Ex
563 1671 666 1730 multis
694 1669 772 1729 enim
798 1670 998 1734 monumentis
1029 1680 1159 1744 constat,

72 1783 220 1858 quantum
241 1795 341 1856 operae
362 1775 475 1848 Judaei,
507 1776 642 1855 inprimis
662 1796 679 1834 e
703 1781 785 1834 secta
807 1775 1042 1850 anrisaeornm,
1064 1777 1160 1838 collo·
1244 1809 1245 1816 .

71 1890 179 1943 curent
211 1882 243 1942 in
265 1881 426 1963 proselytis
450 1881 673 1963 conquirendis.
730 1880 807 1942 Nam
838 1881 891 1942 ubi
918 1882 1053 1944 homines
1080 1883 1160 1944 arbi·

69 1996 204 2061 trentnr,
229 1993 384 2048 externam
407 1985 561 2067 religionis
584 1986 802 2068 professionem
830 1988 954 2068 gratiam
977 1987 1008 2049 de
1027 1990 1161 2052 favorem

68 2095 130 2156 Dei
158 2095 274 2156 mereri,
296 2113 407 2174 posse,
442 2114 503 2152 non
533 2101 660 2174 possunt
687 2113 748 2152 non
778 2093 867 2154 simul
896 2115 1072 2176 persuasum
1102 2098 1160 2158 sibi

68 2202 198 2272 habere,
218 2200 251 2259 id
271 2199 415 2272 studium,
437 2221 497 2281 quo
520 2200 595 2260 alios
619 2201 657 2260 ad
680 2199 805 2280 eandem
827 2200 1045 2281 professionem
1066 2203 1161 2264 addu-

9 2357 16 2366 .
69 2313 153 2378 cant,
172 2307 242 2366 Deo
264 2306 465 2386 gratissimum
488 2327 567 2366 esse.
612 2306 675 2382 Qui
694 2325 768 2366 vero
789 2305 848 2390 hoc
869 2327 972 2366 errore
995 2309 1159 2383 ducuntur,

70 2434 177 2482 eorum
194 2433 300 2494 parum
318 2413 424 2485 refert,
443 2433 482 2470 an
502 2391 536 2484 ii,
558 2411 667 2493 quibus
685 2411 861 2491 religionem
880 2433 962 2494 suam
983 2415 1159 2490 obtrudant,

67 2520 149 2580 hanc
175 2519 234 2578 tide
254 2517 286 2580 de
307 2519 502 2600 persuasione
524 2517 761 2599 amplectantur,
792 2540 907 2593 necne,
938 2522 1028 2582 modo
1049 2522 1161 2604 placito

70 2623 139 2705 ejus
160 2625 356 2704 profiteantur
375 2627 512 2707 ritusque
533 2625 565 2684 in
587 2645 622 2683 ec
642 2624 834 2705 praescriptos
857 2626 1029 2689 observent.
1077 2629 1161 2690 Hinc

69 2751 193 2812 qnoque
218 2731 327 2792 factum
352 2739 411 2804 est,
433 2739 468 2792 ut
486 2713 646 2812 proselyti,
675 2752 751 2814 quos
775 2731 924 2794 Pharisaei
946 2757 1027 2796 mare
1049 2735 1080 2800 (fe
1098 2745 1161 2798 ter·

69 2857 137 2896 rom
152 2843 344 2916 peragrantes
358 2837 469 2916 (Math.
485 2838 540 2910 23,
561 2839 614 2917 15)
637 2838 866 2920 conquirebant,
891 2841 1053 2920 pessimum
1068 2843 1161 2922 vulgo

69 2942 234 3001 evaderent
255 2943 408 3002 hominnm
431 2964 537 3024 genus,
567 2945 619 3026 qui
640 2945 786 3024 religione
805 2943 926 3024 judaica
950 2945 1159 3024 amplectendo

68 3049 240 3130 ritibusque
269 3047 399 3108 leviticis
437 3049 634 3110 observandis
666 3049 878 3108 conscientiam
912 3049 1161 3124 malefactorum
1241 3037 1243 3046 ¹

69 3155 244 3254 consopire,
267 3155 358 3214 immo
380 3153 490 3234 flagitia
509 3156 680 3236 turpissima
701 3161 808 3235 postea
830 3173 867 3213 eo
891 3153 1087 3215 confidentius
1107 3179 1161 3240 pas
1235 3163 1238 3170 “

69 3269 153 3321 trare
172 3259 307 3322 solerent
316 3263 358 3339 ¹)·
414 3261 491 3336 Qum
517 3283 608 3342 quum
637 3261 679 3322 ita
708 3267 829 3332 esseut,
868 3281 930 3320 non
952 3261 1059 3323 mirum
1081 3274 1158 3342 erat,

67 3367 130 3427 hoc
159 3366 383 3448 proselytorum
409 3386 503 3445 genus
532 3368 745 3448 superstitione
764 3365 794 3427 (fe
817 3367 972 3430 fanatismo
1001 3373 1159 3452 magistros

69 3493 158 3546 snos,
183 3473 208 3560 si
224 3472 290 3531 fieri
308 3449 425 3552 posset,
449 3493 607 3552 superans,
632 3471 819 3554 evangelium
839 3473 966 3549 Christi,
990 3480 1072 3560 qnod
1095 3489 1162 3542 om?

69 3579 160 3638 nibus
188 3577 358 3638 hominibus
379 3578 488 3638 «lerum
515 3586 698 3639 servatorem
730 3579 846 3640 sincero
869 3580 929 3640 fide
952 3585 1159 3667 amplectenti·

67 3686 141 3758 bus,
164 3684 249 3744 nulla
267 3687 387 3746 omnino
409 3692 541 3746 externae
560 3684 739 3746 conditionis
755 3686 870 3748 ratione
893 3687 1006 3764 habita,
1032 3695 1159 3754 sulutem

141 3941 212 4014 getii
230 3939 254 3992 n
273 3939 345 4010 legis
364 3939 433 3993 odeo
458 3929 626 4022 tuebuntur,
651 3939 687 3997 uf
698 3943 767 3996 fides
785 3946 854 4000 Jesn
873 3945 985 4002 Christo
1003 3912 1159 4030 prestanda

96 4045 98 4050 ’
127 4032 258 4102 ‘reliquis
277 4031 421 4101 preceptis
442 4033 513 4102 legis
531 4035 661 4088 Mosaios·
680 4037 841 4090 adderetur.

89 4125 281 4196 omunia,
303 4122 515 4194 Kirclreogescb.
535 4126 551 4181 1
570 4119 642 4182 n.'1
661 4127 746 4184 Alth.
768 4148 794 4198 p.
814 4129 858 4186 88.
897 4151 900 4157 ·
982 4147 984 4156 “
