2864 4712
271 271 380 421 x18

260 497 395 562 tudinem
426 489 540 553 ordinis
571 485 727 570 cujusdam
762 485 885 547 ascetici
916 483 967 548 vel
1003 483 1161 545 monastici
1193 485 1366 548 revocandi

260 625 329 666 esse
357 599 500 662 rideatur
528 627 568 644 -
588 593 653 674 jam
680 615 700 652 a
719 597 856 673 tempore
877 590 1119 652 blacoabaeornm
1141 611 1258 652 summa
1281 592 1367 654 inter

98 721 103 738 ‘
137 691 139 696 ⁵
259 710 386 772 Judmos
410 701 571 764 autoritate
589 699 759 782 pollebant.
810 698 914 774 Quum
934 697 1019 756 initio
1041 696 1179 756 omnibus
1203 696 1241 756 iis
1262 697 1365 757 virtu-

259 815 355 884 tibus,
375 809 485 892 quibus
506 805 655 888 ejusmodi
670 805 806 878 ordines,
836 804 889 885 qui
909 801 1127 862 hierarchicam
1148 782 1283 884 aliquiam
1304 823 1365 886 po-

259 924 399 980 testatem
420 914 627 984 obtinuerunt,
652 911 804 971 excellere
825 909 938 980 solent,
961 906 1147 979 floruissent,
1170 909 1364 988 procedente

260 1032 413 1106 tempore,
436 1019 526 1080 nimia
546 1016 714 1077 autoritatis
736 1015 767 1078 de
791 1037 883 1097 opum
905 1013 1095 1074 terrestrium
1122 1013 1272 1092 cupiditas
1296 1013 1365 1094 ple·

143 1185 147 1191 .
260 1149 373 1211 rosque
391 1145 497 1186 eorum
520 1144 537 1182 a
558 1122 685 1205 pristina
710 1141 826 1182 morum
848 1119 1009 1181 severitate
1031 1119 1069 1178 ad
1090 1119 1250 1178 nefandam
1273 1118 1364 1179 vitio·

259 1236 379 1295 citatem
402 1229 545 1300 seduxit,
570 1249 660 1310 vam
682 1234 783 1290 tamen
804 1226 900 1288 oeulis
921 1225 1029 1307 populi
1051 1224 1161 1284 callide
1187 1223 1364 1284 subducere

258 1340 296 1400 iis
320 1337 458 1417 contigit.
506 1334 585 1396 Nam
606 1340 753 1414 prseterea
784 1332 866 1413 qnod
898 1353 1049 1414 nunquam
1071 1331 1197 1392 deerant
1216 1330 1292 1391 huic
1312 1351 1364 1390 or·

260 1444 324 1505 dini
346 1443 405 1504 viri
434 1441 552 1500 sincera
578 1443 691 1520 pietate
713 1438 744 1499 de
766 1439 878 1498 virtute
907 1437 1024 1509 ornati,
1059 1456 1188 1518 quorum
1220 1436 1364 1518 exempla

261 1543 402 1628 discipuli
425 1529 662 1617 Pbarisaeorum,
686 1541 974 1626 quotquotplacitis
994 1562 1100 1602 eornm
1118 1543 1237 1603 sincero
1259 1543 1363 1602 animo

260 1652 374 1714 addicti
397 1658 503 1722 erant,
538 1669 744 1708 summanum
774 1647 943 1709 reverentia
964 1645 1181 1740 suspiciebant,
1216 1647 1283 1728 ipsa
1305 1647 1364 1708 illa

261 1756 438 1839 diligentia,¹
474 1776 533 1836 qna
562 1753 613 1815 vol
632 1754 756 1842 pessimi
777 1753 1003 1815 Pharisaeorum
1030 1761 1183 1835 prae‘eepta
1205 1753 1297 1813 etiam
1315 1753 1362 1812 le·

259 1863 381 1926 sissima
411 1860 511 1922 cultus
527 1860 587 1920 Dei
611 1859 730 1920 externi
751 1846 966 1931 observabant,
999 1848 1114 1919 animos
1138 1858 1294 1920 hominnm
1316 1860 1356 1920 ita

259 1965 504 2048 perstringebat,
540 1973 576 2025 nt
606 1953 702 2044 major
725 1984 796 2044 pars
827 1963 935 2044 populi
956 1962 1090 2044 judaici,
1126 1965 1261 2046 quamvis
1278 1963 1352 2044 jugo

259 2069 539 2152 suessionense
560 2069 705 2130 Pbarisaei
727 2069 756 2128 ei
776 2067 993 2148 imposuerant,
1024 2089 1171 2150 oppressa
1194 2069 1273 2130 bane
1293 2090 1358 2129 sec·

248 2183 320 2246 *tam
348 2184 448 2237 tamen
478 2183 512 2236 nt
542 2173 753 2257 rigidissimam
781 2171 1117 2254 disciplinse'blosaicae
1148 2176 1311 2237 custodem
1331 2173 1362 2237 de
1421 2229 1422 2242 r

143 2247 155 2258 -
257 2282 408 2344 vindicem
430 2281 558 2342 coleret.
613 2281 717 2358 Quum
739 2278 831 2360 igitur
848 2279 956 2352 Jesus,
980 2280 1032 2362 qni
1055 2279 1276 2342 clandestinam
1297 2289 1362 2342 tur·

176 2411 180 2422 s
257 2386 427 2466 pitudinem
450 2384 547 2465 bajus·
570 2392 660 2444 seete
690 2385 867 2466 perspexit,
900 2407 962 2446 non
986 2385 1084 2446 solnm
1108 2385 1289 2448 Pbarisseos
1313 2409 1364 2448 ne·
1419 2361 1421 2440 i

259 2490 361 2573 quitiae
385 2488 416 2552 de
443 2489 642 2550 simulationis
671 2490 879 2552 abominandas
908 2499 1085 2565 accusaret,
1126 2494 1362 2565 verumetiam,

257 2595 339 2654 omni
363 2593 475 2675 pietate
507 2595 547 2654 sd
575 2597 707 2655 animum
728 2595 779 2674 pio
804 2594 835 2657 ἀ
857 2595 976 2656 siccem
1003 2597 1035 2656 in
1053 2596 1154 2656 Deum
1175 2617 1286 2658 amore
1308 2600 1362 2658 im·

190 2695 206 2739 ἶ
256 2697 365 2760 butum
387 2705 541 2772 resumta,
560 2699 737 2760 traditiones
757 2700 944 2780 repudiaret,
968 2699 1077 2781 quibus
1097 2699 1145 2760 illi
1165 2701 1273 2783 legem
1295 2705 1364 2768 Mo-
1416 2761 1417 2764 ,

257 2803 366 2864 saicam
386 2803 612 2884 corrupissent,
646 2803 823 2866 acerrimam
845 2805 903 2865 sibi
922 2803 1199 2868 odium¹contraxit
1220 2829 1296 2870 eum
1320 2812 1364 2892 ip·

255 2909 317 2970 sius
340 2915 430 2969 sectae
453 2915 517 2969 tum
542 2907 693 2982 omnium,
724 2910 776 2991 qui
797 2909 1011 2972 Pharisaenmi,
1025 2910 1145 2970 nomine
1169 2917 1364 2992 praestantis·
1413 2939 1415 3014 p

253 3015 327 3078 sima
353 3035 480 3099 qumque
504 3013 535 3078 tit
560 3036 650 3098 qnam
667 3015 798 3098 'maxime
823 3014 991 3075 reverenda
1020 3015 1287 3096 comprehendere
1317 3043 1362 3082 as-
1413 3023 1414 3105 l

254 3127 426 3182 sueverant.
461 3107 533 3184 'nd
562 3121 674 3188 borum
696 3141 855 3182 nnmerum
877 3119 992 3180 Paulus
1023 3141 1144 3202 quoquo
1167 3125 1361 3205 pertinebat.

255 3225 358 3300 Qunam
378 3224 442 3304 jam
463 3247 481 3284 a
502 3227 605 3306 pueris
626 3227 666 3288 ad
687 3247 753 3288 eam
773 3225 1000 3308 persuasionem
1020 3225 1168 3286 adductus
1190 3237 1293 3303 esset,
1319 3253 1364 3290 sa-

253 3327 349 3388 lutem
378 3328 506 3403 civitatis
536 3331 713 3392 Israeliticm
748 3330 896 3391 contineri
929 3330 1140 3392 observatione
1173 3332 1254 3413 legis
1292 3336 1366 3398 Mo·

253 3432 354 3504 saiooe,
379 3439 491 3492 sectam
515 3453 588 3494 vero
612 3435 835 3496 Pharisaeorum
865 3455 933 3495 cum
959 3436 1077 3496 statutis
1105 3436 1169 3496 suis
1201 3435 1364 3518 rigidiori-

252 3537 310 3596 bus
339 3535 486 3616 optimnm
515 3538 776 3622 firmissimumque
815 3539 936 3622 offerre·
955 3541 1129 3622 praesidium
1161 3541 1242 3624 legis
1276 3545 1365 3606 illine

252 3647 392 3728 accurate
418 3643 592 3724 explendae,
617 3643 791 3725 gravissima
812 3651 970 3726 correptus
994 3651 1041 3706 est
1062 3645 1300 3728 indignatione,
1339 3653 1365 3714 si
1384 3653 1387 3658 ’

262 3899 271 3908 ·’
323 3857 477 3949 diciorum,
496 3885 542 3942 cui
561 3883 674 3955 utrique
694 3887 808 3942 obnoxii
828 3889 955 3941 luerunt.
991 3885 1051 3942 cfr.
1071 3887 1113 3942 ito
1134 3888 1368 3962 descriptionem

261 3991 267 4012 ἰ
323 3973 541 4040 Pharisaeorum,
561 3993 621 4044 qne
641 3984 730 4033 exstet
749 3969 824 4050 opud
836 3977 1002 4062 Jpseplrnsn,
1022 3995 1086 4034 cum
1103 3995 1148 4046 eo,
1170 3999 1260 4052 quem
1284 3985 1368 4040 enbi-

261 4083 265 4088 ·
321 4063 389 4116 bont
407 4063 474 4120 libri
493 4069 526 4121 N.
547 4070 583 4121 T·
981 4087 984 4090 '
1025 4085 1027 4090 '
1140 4067 1142 4074 Δ
