2862 4708
340 295 421 388 iss
1420 412 1421 504 Ν

273 541 442 608 quanqum
463 515 661 601 improbsnds
683 524 790 590 erent,
819 513 980 577 mslesolis
998 517 1143 574 ιιιλυςιιι
1162 513 1303 576 consilis
1320 515 1369 578 sd·
1420 543 1421 556 ι

273 631 451 692 scribemus.
497 623 596 686 Mults
616 621 696 682 enisu
717 627 838 682 exstent
854 619 1039 692 testimonis,
1060 640 1079 678 e
1099 619 1222 700 quihus
1239 628 1364 701 sppsret,

272 731 421 816 rjus-odi
441 726 555 790 lundis
578 747 690 810 genere
709 727 762 808 pio
783 727 934 808 quodam,
966 732 1002 784 nt
1030 725 1217 806 putabatur,
1252 727 1363 786 eonsbio

273 839 334 900 illis
362 833 550 916 temporibus
580 833 691 914 ssepius
720 831 878 892 commisse
906 830 1031 907 esse1),
1077 830 1157 889 adeo
1188 837 1228 890 ut
1256 833 1285 891 si
1311 833 1368 914 quis
1421 900 1422 916 χ

272 943 338 1026 piss
359 939 579 1002 admonitionis·
601 937 691 1000 Pauli
721 937 754 996 iu
776 936 905 1018 epistola
933 935 1062 1018 quadem
1086 934 1193 994 denno
1219 938 1369 1017 repetiiset

271 1045 466 1122 reinherius
485 1043 696 1126 exposuisset,
731 1041 820 1102 heile
842 1041 901 1100 sibi
923 1039 1108 1121 persuadere
1132 1048 1269 1120 posset,
1298 1042 1368 1101 hnud
1421 1061 1422 1118 γ

272 1151 412 1214 ubuum
430 1153 499 1212 'esse
523 1149 613 1212 etism
633 1149 719 1210 edeta
736 1145 879 1229 Apostoli
904 1145 943 1206 de
971 1143 1073 1205 reditu
1093 1145 1228 1210 Mendes
1251 1145 1366 1226 dilige.-
1421 1163 1422 1196 ;

341 1365 497 1422 christiani
524 1363 695 1420 sententium
721 1375 802 1416 susm
830 1363 866 1416 ds
889 1359 984 1414 reditu
1002 1359 1118 1416 llsuuini
1144 1379 1237 1429 quous
1255 1363 1362 1431 prosim

338 1460 401 1526 jeus
419 1457 541 1512 lustsuts
558 1453 808 1524 superstruxerint.
842 1455 1003 1522 Utrumque
1017 1481 1052 1494 -
1067 1452 1109 1506 sit
1126 1453 1235 1506 Sebott
1253 1456 1290 1508 ad
1303 1455 1363 1516 bb

340 1577 375 1590 —
392 1547 484 1620 magis
510 1545 657 1616 perspicue
688 1544 890 1598 enuntiandum
917 1544 1025 1598 luisset.
1083 1545 1157 1597 cusu
1191 1546 1254 1600 hoc
1281 1563 1362 1598 ιςιιςς.

342 1638 404 1694 viso
423 1655 477 1694 uon
497 1637 659 1690 dubitemus
676 1643 811 1700 statuere,
840 1637 962 1689 Paulum
980 1631 1026 1690 διό
1044 1631 1180 1706 πόματος
1200 1639 1364 1692 scribentem

343 1729 483 1802 cogitasse
504 1729 540 1782 de
564 1727 740 1782 institutione
766 1727 811 1778 vel
830 1727 1042 1795 predicatione,
1067 1744 1127 1796 qne
1148 1745 1308 1797 perperam
1324 1728 1366 1782 tri-

340 1823 479 1876 bueretur
502 1819 593 1875 motui
610 1819 721 1874 interno
739 1815 855 1896 spiritus
875 1817 979 1883 divini,
998 1820 1033 1870 de
1051 1818 1177 1870 oneculis
1199 1822 1365 1890 pseudopro·

340 1913 504 1986 phntsruru,
530 1910 656 1964 oriundis
674 1927 690 1962 e
710 1907 813 1978 spiritu
833 1909 937 1962 erroris
958 1909 984 1962 dc
1000 1909 1152 1971 mendacii,
1170 1911 1203 1962 ἐκ
1221 1909 1365 1979 πνεύματος

340 2001 386 2072 «ἧς
401 2001 503 2074 niueis
522 2019 587 2074 opp.
608 2023 655 2057 nr·
670 1999 714 2070 τῆς
729 1993 858 2067 dinisius
876 1999 892 2052 1
909 2001 976 2054 doh.
994 2002 1022 2066 d,
1039 2001 1066 2056 o.
1083 2000 1190 2054 lTirn.
1205 2002 1235 2066 ⁴,
1256 2003 1284 2056 l.
1313 2002 1364 2069 (Sin

340 2095 427 2152 etlam
448 2095 511 2148 eeu
529 2095 565 2148 sd
584 2093 614 2147 lt.
629 2094 676 2160 1.).
709 2089 855 2142 lleielssin
875 2098 1015 2158 comment.
1032 2091 1238 2158 anteparta.
1262 2095 1302 2145 ad
1322 2093 1363 2146 ll.
1423 2155 1424 2176 Χ

341 2201 383 2254 ep.
403 2183 503 2238 uindie.
522 2183 600 2238 uest.
620 2181 690 2238 lete
710 2182 798 2235 sorba
816 2175 852 2234 ιός
870 2175 904 2236 ds’
921 2177 998 2251 ἡμῶν
1022 2199 1087 2235 eum
1107 2181 1168 2235 illis
1187 2179 1238 2238 dcc
1254 2183 1365 2256 πνεόμς-
1423 2203 1424 2210 ’

340 2291 385 2334 sot
406 2275 513 2348 parites
531 2281 700 2346 etquenam
719 2291 793 2342 seqq.
811 2269 858 2326 διό
878 2267 949 2344 λόγς,
967 2268 1139 2341 δι’·ἕπιςολῆς
1154 2273 1306 2328 eolraerere
1325 2294 1364 2328 ex·

339 2367 464 2422 intimat:
495 2367 602 2420 ”nolite
627 2363 790 2436 perturbari
808 2365 854 2415 vel
875 2380 1005 2416 sermone
1031 2351 1198 2433 prophetico
1219 2383 1367 2436 perperam

341 2459 413 2511 mihi
440 2457 584 2528 adscripto
607 2455 675 2510 vel”
682 2493 760 2510 .....
800 2455 872 2519 Sed,
899 2462 931 2509 ut
954 2455 1065 2509 monuit
1082 2455 1148 2507 Pelt
1166 2457 1188 2508 l.
1210 2475 1247 2522 e,
1267 2457 1366 2527 πνεῦμα

339 2565 485 2618 nunqnam
509 2548 657 2617 singulm
682 2547 797 2616 aliquod
815 2547 946 2617 designet
966 2547 1123 2600 oraculum.
1173 2545 1283 2600 Reiclse
1303 2567 1368 2617 qno·

232 2701 235 2712 ,
339 2655 395 2708 qne
420 2638 593 2691 vocabulum
619 2635 704 2705 λόγος,
731 2655 766 2690 no
784 2639 814 2691 h.
833 2639 855 2696 Ι.
874 2645 937 2707 post
953 2659 997 2695 πν.
1013 2653 1261 2707 supervacaneum
1281 2657 1367 2710 appe·

338 2735 411 2793 sest,
432 2730 469 2783 ab
487 2727 542 2780 hoo
559 2727 599 2780 ita
623 2727 738 2782 differre
757 2729 916 2796 existimet,
942 2735 973 2782 ut
996 2727 1072 2798 λόγος
1090 2731 1237 2799 colloquia
1255 2739 1363 2785 λςιιιιιιιι

339 2819 454 2892 private
471 2817 627 2890 significet,
655 2835 715 2888 que
733 2818 857 2878 Paulum
878 2839 942 2874 cum
963 2821 1117 2891 discipulis·
1125 2821 1281 2876 instituisse
1297 2839 1366 2892 per·

338 2913 487 2976 hiberent,
512 2929 557 2967 nu.
577 2925 645 2962 sero
665 2926 809 2966 sermones
829 2930 934 2978 sacros,
964 2929 1033 2982 quos
1052 2912 1223 2988 Apostolum
1241 2914 1366 2968 dicerent

339 3005 366 3060 in
386 3019 533 3078 synagoge
552 3001 694 3056 habuisse.
732 3003 788 3057 Sed
806 3006 912 3059 rectius
928 3003 1063 3056 statuitur
1082 2999 1162 3074 λογόν
1179 3005 1211 3058 h.
1231 3007 1252 3058 l.
1273 3014 1306 3059 ut
1323 3006 1365 3059 in·

337 3097 513 3152 stitutionem
534 3111 584 3148 ors
604 3095 709 3147 luctam
733 3096 892 3166 oppositum
914 3113 973 3149 esso
999 3093 1111 3169 ἕπιςολῇ
1129 3095 1198 3161 (etr.
1220 3111 1247 3148 v.
1268 3095 1306 3150 1⁵
1322 3093 1365 3151 eds

338 3186 507 3258 παραδόσεις,
531 3181 562 3245 ός
582 3181 756 3255 ς’διδόχθιγτι,
777 3187 829 3240 εἴτε
846 3183 892 3241 διό
909 3182 973 3255 λόγε
994 3187 1048 3239 εἴτε
1069 3180 1102 3239 δι’
1120 3184 1244 3254 incendiis
1262 3183 1364 3256 ἡμῶν).

337 3279 437 3334 Rostnt
453 3287 548 3334 tomen
566 3279 670 3348 duplex
688 3275 846 3347 explicandi
862 3278 946 3342 ratio,
965 3295 1050 3346 gisam
1067 3293 1154 3346 supra
1172 3278 1365 3343 exhibuimus,

338 3349 597 3434 rationemors,
616 3370 664 3439 qui
683 3370 776 3424 l'sulo
794 3367 907 3422 adiutus
926 3375 1017 3434 meet,
1046 3373 1097 3421 sut
1116 3368 1151 3422 de
1167 3385 1253 3422 sensu
1271 3371 1365 3424 verbis

338 3459 399 3526 ejus
419 3477 568 3530 perperam
592 3461 751 3528 subjuncto.
800 3462 883 3530 Quod
907 3460 1008 3514 attinet
1032 3456 1099 3528 μήτε
1123 3453 1160 3516 δι’
1183 3455 1308 3529 inteolis
1331 3458 1364 3516 ιόι

336 3544 372 3601 δι’
389 3545 474 3618 ἡμῶν,
501 3551 587 3604 etiam
607 3554 666 3606 hee
693 3553 781 3605 verbe
806 3551 941 3622 explicnri
970 3557 1087 3621 possunt
1111 3556 1162 3603 aut
1185 3551 1222 3603 de
1244 3553 1365 3622 epistole

334 3639 420 3692 Penii
440 3640 519 3708 prins
538 3643 572 3694 nu
591 3643 857 3697 Thessalonicenses
875 3642 1045 3712 conscripto,
1064 3640 1110 3694 cui
1123 3642 1256 3695 nonnulli
1274 3644 1364 3697 inter·

261 3765 263 3768 -
336 3729 524 3800 pretationem
548 3732 690 3787 sinistram
708 3736 921 3806 subjungerent,
940 3741 990 3788 eut
1007 3735 1042 3786 de
1060 3732 1181 3802 epistole
1191 3734 1288 3787 Paulo
1297 3752 1364 3803 sup—

335 3820 436 3894 posito.
470 3822 586 3876 Rectius
605 3831 698 3878 tamen
718 3827 753 3877 de
767 3825 886 3894 epistole
902 3827 993 3880 Paulo
1011 3823 1168 3895 supposita,
1187 3841 1276 3892 quum
1287 3827 1361 3895 Apo-

335 3915 425 3969 stolus
442 3913 495 3966 suh
521 3912 607 3966 tinem
633 3915 757 3984 epistola
775 3916 816 3982 (d,
835 3917 882 3984 17)
902 3916 1015 3987 signum
1034 3915 1214 3987 exhibuerit,
1227 3933 1286 3983 quo
1303 3915 1362 3986 epi-

334 4007 413 4059 stole
430 4021 497 4057 ncre
515 4005 551 4058 ab
573 4004 634 4074 ipso
650 4007 783 4075 protecta·
801 4008 928 4077 dignosci
946 4014 1059 4077 possent
1076 4023 1094 4060 a
1114 3999 1317 4077 suppositiciis'.

282 4095 312 4160 1)
332 4096 396 4164 Gir.-
411 4097 541 4167 queselqs
557 4096 685 4169 Dionysii
709 4097 841 4168 episcopi,
861 4099 951 4168 lissei
964 4099 1019 4170 λό’,
1035 4097 1082 4170 ἓξ.
1100 4145 1104 4154 ,
