2864 4712
350 291 409 377 36
429 348 435 358 .

287 517 344 577 bus
366 513 397 574 eb
417 485 537 594 injuriis
564 509 776 592 perferendis,
806 519 933 594 quarum
953 505 1058 572 Judaei
1081 509 1112 572 da
1135 511 1269 591 gentiles
1301 517 1400 575 exsti·

288 620 381 680 terint
402 624 537 678 autores.
592 617 750 678 Interdum
778 637 901 701 quoque
924 615 1150 676 incredulorum
1170 616 1338 679 bominum
1359 621 1399 680 ita

287 725 422 806 injicitur
440 722 575 795 mentio,
610 729 645 782 ut
668 723 852 805 comparatio
880 723 1054 783 instituatur
1075 723 1155 784 iuter
1179 743 1291 784 eornm
1315 727 1397 806 cogi-

288 830 374 892 tandi
394 827 575 911 vivendique
597 828 766 901 rationem,
789 828 842 910 qui
866 827 990 888 Christo
1013 828 1139 900 addicti,
1174 836 1271 912 utque
1294 851 1396 892 mores

291 955 410 1008 eornm,
435 934 489 1017 qui
508 933 725 995 beneficiorum
745 954 803 1015 per
827 931 981 994 Christum
1001 939 1158 1014 partorum
1180 943 1331 1014 expertes
1353 957 1395 995 es·

291 1047 360 1102 sent
381 1039 477 1122 (ttph.
504 1042 537 1110 2,
563 1039 662 1102 11-14
676 1059 745 1122 sqq.
770 1037 1003 1110 (101.1.13.3,
1026 1039 1115 1101 5-13.
1133 1037 1206 1098 Gal.
1231 1041 1268 1100 4.
1293 1042 1328 1102 8.
1349 1043 1392 1116 o).

293 1147 355 1209 Ubi
375 1167 450 1207 vero
471 1144 587 1206 Paulus
608 1145 719 1226 passim
739 1144 772 1204 in
792 1163 829 1203 eo
854 1149 914 1215 est,
933 1151 968 1203 ut
991 1143 1125 1207 Judaeoe
1140 1143 1171 1204 dc
1187 1145 1323 1224 gentiles
1347 1144 1394 1207 vel

292 1251 461 1315 rationibus
481 1251 638 1332 impugnet
666 1249 717 1310 vel
743 1269 793 1310 res
810 1248 969 1310 historicas
990 1249 1139 1309 namdo
1162 1259 1394 1324 commemoret,

293 1377 418 1437 magnus
437 1353 491 1416 ille
513 1355 544 1417 ὦ
565 1355 689 1428 nobilis,
724 1375 785 1437 quo
805 1365 926 1435 semper
949 1354 1114 1427 excelluit,
1151 1357 1271 1416 animus
1291 1357 1394 1416 nescio

294 1481 333 1520 au
353 1459 417 1521 ulla
439 1461 599 1522 occasione
622 1461 716 1541 magis
739 1460 917 1522 illuscescit.
976 1459 1054 1522 Nam
1075 1481 1169 1542 quum
1191 1461 1393 1523 fervidissimo

294 1565 430 1626 veritatis
459 1565 641 1646 evangelicae
669 1564 700 1626 de
727 1565 847 1626 virtutis
877 1564 1047 1626 christianae
1084 1586 1187 1626 amore
1218 1567 1393 1640 duceretur,

294 1669 372 1731 adeo
403 1677 438 1732 ut
469 1671 542 1732 vitia
565 1670 595 1732 eb
617 1671 750 1732 facinora
779 1670 1006 1731 incredulorum
1034 1671 1189 1731 hominnm
1217 1673 1393 1754 gravissimo
1427 1741 1428 1746 η

295 1776 367 1836 odio
387 1775 527 1850 haberet,
556 1798 708 1860 nunquam
728 1783 828 1836 tamen
851 1775 1069 1838 vehementiori
1094 1778 1185 1838 animi
1215 1779 1337 1860 impetu
1357 1780 1393 1840 its

295 1882 394 1963 abripi
415 1903 448 1942 se
469 1883 651 1963 petiebatur,
682 1889 717 1942 ut
739 1881 913 1962 ignobiliori
930 1884 1061 1964 partium
1083 1883 1184 1943 studio
1204 1883 1392 1966 indulgeret,

296 1985 347 2046 vel
369 1987 472 2047 odium
491 1987 521 2048 de
542 1987 694 2048 festidium
717 2009 818 2048 rerum
848 1987 880 2048 in
898 2007 1050 2070 personas
1070 1989 1262 2050 transferret.
1320 1992 1392 2051 Tur·

297 2091 465 2172 pitudincm
495 2112 612 2152 morum
630 2093 812 2154 Judaeorum
832 2091 863 2154 dc
884 2093 1041 2174 gentilium
1063 2093 1172 2155 vividis
1200 2095 1331 2176 quidem
1350 2117 1393 2156 co·

296 2197 414 2258 loribus
436 2197 585 2280 depinxit,
609 2197 665 2258 sed
686 2198 750 2258 sinc
774 2197 819 2258 ire
836 2198 866 2261 de
882 2199 996 2271 studio,
1021 2199 1098 2260 ndeo
1118 2205 1153 2258 ut
1173 2221 1243 2282 quse
1264 2203 1395 2281 graviter

298 2303 338 2364 de
358 2303 395 2364 iis
419 2303 499 2365 dieta
520 2312 590 2366 sunt
619 2305 650 2365 in
671 2303 764 2368 Rom.
789 2305 822 2376 1,
843 2305 968 2367 21·32.
992 2306 1027 2377 2,
1054 2306 1179 2367 17-24.
1202 2306 1237 2378 3,
1261 2309 1307 2368 lt)
1328 2329 1395 2390 sqq.

297 2407 413 2470 ICor.
436 2411 470 2480 d,
495 2411 534 2471 11
560 2411 616 2470 cir.
639 2432 691 2471 vv.
713 2412 745 2472 9.
770 2412 824 2472 lo.
855 2411 874 2472 1
894 2409 1006 2470 Thess.
1026 2411 1060 2484 4,
1082 2411 1114 2472 ι’).
1137 2410 1220 2492 llplr.
1245 2413 1280 2484 2,
1305 2415 1340 2476 3.
1364 2416 1394 2484 5,

298 2511 321 2572 8
342 2491 411 2592 sqq.
435 2511 506 2572 Gol.
529 2513 563 2585 3,
587 2515 621 2575 d.
643 2515 675 2576 ’1.
700 2515 821 2575 omnino
844 2515 882 2574 iia
904 2515 1129 2594 respondeant,
1161 2537 1232 2599 quae
1254 2541 1272 2578 a
1297 2521 1395 2601 proie-

286 2615 344 2674 0ιί0
367 2616 567 2697 scriptoribus
591 2619 629 2679 de
648 2619 751 2680 indole
766 2619 805 2682 'eb
822 2619 956 2681 moribus
969 2613 1132 2682 ¹bominum
1156 2622 1240 2682 illins
1257 2626 1321 2686 sevi
1338 2647 1395 2686 me·

298 2721 403 2784 merite
427 2722 549 2804 prodita
572 2732 653 2786 sunt.
703 2725 854 2808 Apostolo
877 2733 1038 2810 praeterea,
1063 2729 1198 2811 quamvis
1218 2729 1308 2810 justa
1331 2732 1396 2790 illo·

297 2847 365 2885 rum
385 2828 551 2888 facinorum
567 2830 771 2911 indignatione
791 2841 945 2914 correpto,
961 2835 1104 2895 memoria
1117 2855 1178 2895 non
1196 2837 1328 2910 excidit,
1349 2837 1397 2898 vel

299 2931 330 2992 in
353 2933 483 3014 pessima
503 2933 656 2997 hominum
679 2939 795 2998 sentina
823 2940 951 3020 vestigia
973 2919 1132 3000 nobilioris
1152 2940 1265 3000 indolis
1286 2942 1397 3022 passim

298 3039 430 3100 eminere
450 3039 556 3120 (Rom.
579 3042 613 3114 2,
638 3042 691 3105 14.
711 3043 764 3106 15.
783 3044 854 3127 26).
909 3045 1018 3128 Neque
1041 3045 1111 3106 odio
1134 3047 1345 3128 perversitatis
1369 3046 1397 3108 de

296 3145 438 3226 neqvitiae
470 3147 513 3206 ita
539 3148 685 3222 ardebat,
726 3157 761 3208 ut
783 3150 864 3211 haud
883 3173 986 3214 secum
1008 3152 1234 3234 perpenderet,
1270 3160 1398 3234 quanto·

298 3269 373 3329 pere
394 3252 505 3333 singuli
529 3252 666 3315 homines
690 3276 707 3314 a
729 3256 864 3316 moribus
887 3257 1009 3344 civium,
1036 3257 1215 3339 quibuscum
1239 3278 1398 3318 versaren-

298 3361 362 3426 tur,
385 3356 605 3442 dependerent,
627 3381 688 3442 quo
705 3362 805 3434 fieret,
829 3369 865 3422 ut
885 3361 1072 3442 singulorum
1093 3362 1196 3444 culpo,
1218 3363 1325 3422 sinon
1347 3383 1400 3421 ex·

283 3459 468 3534 cosmetur,
493 3470 575 3524 certe
593 3471 693 3526 tamen
713 3467 950 3530 imminueretur.
1000 3469 1083 3529 lline
1104 3468 1183 3527 euim
1203 3468 1318 3528 suetum
1339 3475 1397 3540 est,

297 3571 332 3622 nt
353 3565 497 3626 moralem
516 3568 600 3628 illam
622 3577 752 3652 pestem,
776 3595 836 3656 qun
857 3573 995 3634 homines
1018 3573 1100 3634 illius
1124 3573 1180 3633 aevi
1202 3573 1396 3644 laborabant,

162 3685 165 3689 ·
298 3647 341 3728 eu¹
359 3669 545 3752 deploranda
566 3674 683 3734 inscitia
703 3674 735 3738 de
755 3678 821 3738 veri
842 3679 1011 3760 ignorantie
1032 3680 1140 3760 sepius
1159 3683 1280 3760 repetat
1298 3679 1394 3760 (llph.

296 3776 331 3847 2,
354 3778 393 3838 11
415 3798 484 3861 sqq.
503 3780 586 3852 5,8.
611 3782 763 3843 lecet
798 3785 866 3849 8οἰ
889 3777 955 3874 yolo
980 3787 1143 3871 ἔγνωσαν,
1166 3777 1398 3850 odem--

296 3883 317 3943 2
334 3882 407 3942 Cor.
427 3887 461 3955 4,
483 3876 518 3946 4.
534 3877 552 3949 ὁ
571 3879 657 3960 θεός
679 3887 719 3954 τῦ
740 3888 863 3963 αἰῶνος
883 3883 964 3960 τότε
984 3882 1153 3976 ἐτύφλωσε
1175 3883 1218 3955 sd
1239 3883 1396 3976 νοήματα

296 3987 365 4052 τῶν
382 3979 525 4065 α’πίςων.
564 3991 656 4052 Rom.
677 3996 730 4067 lo,
747 3996 769 4057 2
784 3997 981 4078 (dedudaeis)
999 3990 1052 4064 ὅτι
1068 3995 1171 4082 ζῆλον
1186 3994 1257 4062 eei
1275 4000 1394 4083 ἔχεων,
1427 4063 1428 4076 ¹

296 4084 370 4158 ἀλλ’
382 4087 425 4160 oo’
444 4089 516 4164 κατ’
526 4089 735 4184 ἐπιγιιώσιν),
752 4123 934 4186 quenquam,
949 4102 1001 4164 ubi
1015 4123 1081 4164 rem
1096 4101 1240 4164 subtilius
1258 4101 1396 4165 conside·
