<?xml version="1.0" encoding="UTF-8"?>
<!DOCTYPE html PUBLIC "-//W3C//DTD XHTML 1.0 Transitional//EN"
    "http://www.w3.org/TR/xhtml1/DTD/xhtml1-transitional.dtd">
<html xmlns="http://www.w3.org/1999/xhtml" xml:lang="en" lang="en">
 <head>
  <title>
</title>
<meta http-equiv="Content-Type" content="text/html;charset=utf-8" />
  <meta name='ocr-system' content='tesseract 3.04.00' />
  <meta name='ocr-capabilities' content='ocr_page ocr_carea ocr_par ocr_line ocrx_word'/>
</head>
<body>
  <div class='ocr_page' id='page_1' title='image "./depauloapostolo00schagoog_0163.png"; bbox 0 0 2862 4708; ppageno 0'>
   <div class='ocr_carea' id='block_1_1' title="bbox 311 225 394 312">
    <p class='ocr_par' dir='ltr' id='par_1_1' title="bbox 311 225 394 312">
     <span class='ocr_line' id='line_1_1' title="bbox 311 225 394 312; baseline 0 0"><span class='ocrx_word' id='word_1_1' title='bbox 311 225 394 312; x_wconf 73' lang='grc'><strong>163</strong></span> 
     </span>
    </p>
   </div>
   <div class='ocr_carea' id='block_1_2' title="bbox 243 433 1420 3892">
    <p class='ocr_par' dir='ltr' id='par_1_2' title="bbox 243 433 1420 3892">
     <span class='ocr_line' id='line_1_2' title="bbox 243 433 1344 527; baseline -0.016 -17"><span class='ocrx_word' id='word_1_2' title='bbox 243 444 396 510; x_wconf 75' lang='lat' dir='ltr'><strong>Neander</strong></span> <span class='ocrx_word' id='word_1_3' title='bbox 423 441 489 527; x_wconf 74' lang='lat' dir='ltr'><strong>(Pr.</strong></span> <span class='ocrx_word' id='word_1_4' title='bbox 517 441 551 504; x_wconf 76' lang='lat' dir='ltr'><strong>d.</strong></span> <span class='ocrx_word' id='word_1_5' title='bbox 573 439 639 500; x_wconf 81' lang='lat' dir='ltr'><strong>alu·</strong></span> <span class='ocrx_word' id='word_1_6' title='bbox 664 437 706 500; x_wconf 79' lang='lat' dir='ltr'><strong>lt.</strong></span> <span class='ocrx_word' id='word_1_7' title='bbox 729 437 762 505; x_wconf 77' lang='grc'><strong>,1.</strong></span> <span class='ocrx_word' id='word_1_8' title='bbox 788 456 824 522; x_wconf 85' lang='lat' dir='ltr'><strong>p.</strong></span> <span class='ocrx_word' id='word_1_9' title='bbox 846 436 937 517; x_wconf 86' lang='grc'><strong>313),</strong></span> <span class='ocrx_word' id='word_1_10' title='bbox 966 454 1067 518; x_wconf 79' lang='lat' dir='ltr'><strong>neque</strong></span> <span class='ocrx_word' id='word_1_11' title='bbox 1091 455 1135 496; x_wconf 89' lang='lat' dir='ltr'><strong>ex</strong></span> <span class='ocrx_word' id='word_1_12' title='bbox 1163 433 1217 496; x_wconf 82' lang='lat' dir='ltr'><strong>iris</strong></span> <span class='ocrx_word' id='word_1_13' title='bbox 1242 436 1344 516; x_wconf 76' lang='lat' dir='ltr'><strong>&#39;neque</strong></span> 
     </span>
     <span class='ocr_line' id='line_1_3' title="bbox 244 541 1340 628; baseline -0.016 -14"><span class='ocrx_word' id='word_1_14' title='bbox 244 573 284 614; x_wconf 81' lang='lat' dir='ltr'><strong>ex</strong></span> <span class='ocrx_word' id='word_1_15' title='bbox 308 551 370 612; x_wconf 84' lang='lat' dir='ltr'><strong>illis</strong></span> <span class='ocrx_word' id='word_1_16' title='bbox 391 556 477 611; x_wconf 81' lang='lat' dir='ltr'><strong>nerto</strong></span> <span class='ocrx_word' id='word_1_17' title='bbox 500 545 652 628; x_wconf 74' lang='lat' dir='ltr'><strong>conjicere</strong></span> <span class='ocrx_word' id='word_1_18' title='bbox 674 542 767 616; x_wconf 85' lang='lat' dir='ltr'><strong>lieet,</strong></span> <span class='ocrx_word' id='word_1_19' title='bbox 799 542 874 625; x_wconf 83' lang='lat' dir='ltr'><strong>quid</strong></span> <span class='ocrx_word' id='word_1_20' title='bbox 903 542 950 602; x_wconf 89' lang='lat' dir='ltr'><strong>illi</strong></span> <span class='ocrx_word' id='word_1_21' title='bbox 970 541 1108 602; x_wconf 83' lang='lat' dir='ltr'><strong>homines</strong></span> <span class='ocrx_word' id='word_1_22' title='bbox 1131 560 1213 601; x_wconf 83' lang='lat' dir='ltr'><strong>vere</strong></span> <span class='ocrx_word' id='word_1_23' title='bbox 1238 545 1340 598; x_wconf 72' lang='lat' dir='ltr'><strong>sutre-</strong></span> 
     </span>
     <span class='ocr_line' id='line_1_4' title="bbox 244 638 1339 729; baseline -0.015 -10"><span class='ocrx_word' id='word_1_24' title='bbox 244 659 318 720; x_wconf 86' lang='lat' dir='ltr'><strong>rint.</strong></span> <span class='ocrx_word' id='word_1_25' title='bbox 371 655 416 716; x_wconf 87' lang='lat' dir='ltr'><strong>Ut</strong></span> <span class='ocrx_word' id='word_1_26' title='bbox 446 653 525 714; x_wconf 88' lang='lat' dir='ltr'><strong>enim</strong></span> <span class='ocrx_word' id='word_1_27' title='bbox 548 649 664 712; x_wconf 87' lang='lat' dir='ltr'><strong>Paulus</strong></span> <span class='ocrx_word' id='word_1_28' title='bbox 692 649 801 729; x_wconf 67' lang='lat' dir='ltr'><strong>stepius</strong></span> <span class='ocrx_word' id='word_1_29' title='bbox 823 649 855 708; x_wconf 93' lang='lat' dir='ltr'><strong>in</strong></span> <span class='ocrx_word' id='word_1_30' title='bbox 883 669 917 708; x_wconf 87' lang='lat' dir='ltr'><strong>re</strong></span> <span class='ocrx_word' id='word_1_31' title='bbox 952 646 1084 728; x_wconf 81' lang='lat' dir='ltr'><strong>graviori</strong></span> <span class='ocrx_word' id='word_1_32' title='bbox 1116 638 1339 725; x_wconf 72' lang='lat' dir='ltr'><strong>comprobanda</strong></span> 
     </span>
     <span class='ocr_line' id='line_1_5' title="bbox 248 748 1420 842; baseline -0.014 -19"><span class='ocrx_word' id='word_1_33' title='bbox 248 759 450 842; x_wconf 73' lang='lat' dir='ltr'><strong>objectiones,</strong></span> <span class='ocrx_word' id='word_1_34' title='bbox 472 777 539 840; x_wconf 71' lang='lat' dir='ltr'><strong>qum</strong></span> <span class='ocrx_word' id='word_1_35' title='bbox 562 763 668 818; x_wconf 84' lang='lat' dir='ltr'><strong>eontra</strong></span> <span class='ocrx_word' id='word_1_36' title='bbox 678 778 752 840; x_wconf 63' lang='lat' dir='ltr'><strong>⁸enm</strong></span> <span class='ocrx_word' id='word_1_37' title='bbox 764 756 845 838; x_wconf 76' lang='lat' dir='ltr'><strong>nugi</strong></span> <span class='ocrx_word' id='word_1_38' title='bbox 864 760 1002 836; x_wconf 76' lang='lat' dir='ltr'><strong>possent,</strong></span> <span class='ocrx_word' id='word_1_39' title='bbox 1024 749 1196 835; x_wconf 79' lang='lat' dir='ltr'><strong>proposuit</strong></span> <span class='ocrx_word' id='word_1_40' title='bbox 1220 748 1255 810; x_wconf 70' lang='grc' dir='ltr'><strong>ά</strong></span> <span class='ocrx_word' id='word_1_41' title='bbox 1273 749 1344 808; x_wconf 88' lang='lat' dir='ltr'><strong>rein·</strong></span> <span class='ocrx_word' id='word_1_42' title='bbox 1419 825 1420 840; x_wconf 12' lang='grc' dir='ltr'>ἵ</span> 
     </span>
     <span class='ocr_line' id='line_1_6' title="bbox 246 853 1347 942; baseline -0.015 -14"><span class='ocrx_word' id='word_1_43' title='bbox 246 867 323 928; x_wconf 82' lang='lat' dir='ltr'><strong>tavit</strong></span> <span class='ocrx_word' id='word_1_44' title='bbox 345 865 452 942; x_wconf 80' lang='lat' dir='ltr'><strong>(Rom.</strong></span> <span class='ocrx_word' id='word_1_45' title='bbox 482 865 517 938; x_wconf 91' lang='grc'><strong>3,</strong></span> <span class='ocrx_word' id='word_1_46' title='bbox 540 865 595 926; x_wconf 92' lang='grc'><strong>31.</strong></span> <span class='ocrx_word' id='word_1_47' title='bbox 616 865 652 935; x_wconf 87' lang='lat' dir='ltr'><strong>o,</strong></span> <span class='ocrx_word' id='word_1_48' title='bbox 676 862 730 926; x_wconf 75' lang='lat'><strong>15.</strong></span> <span class='ocrx_word' id='word_1_49' title='bbox 751 863 785 934; x_wconf 81' lang='grc'><strong>9,</strong></span> <span class='ocrx_word' id='word_1_50' title='bbox 808 862 861 924; x_wconf 77' lang='lat'><strong>14.</strong></span> <span class='ocrx_word' id='word_1_51' title='bbox 885 861 939 932; x_wconf 90' lang='lat'><strong>11,</strong></span> <span class='ocrx_word' id='word_1_52' title='bbox 963 857 1020 940; x_wconf 91' lang='lat'><strong>11)</strong></span> <span class='ocrx_word' id='word_1_53' title='bbox 1041 859 1084 917; x_wconf 86' lang='lat' dir='ltr'><strong>ita</strong></span> <span class='ocrx_word' id='word_1_54' title='bbox 1106 853 1306 935; x_wconf 79' lang='lat' dir='ltr'><strong>objectiones</strong></span> <span class='ocrx_word' id='word_1_55' title='bbox 1324 853 1347 912; x_wconf 86' lang='lat' dir='ltr'><strong>l.</strong></span> 
     </span>
     <span class='ocr_line' id='line_1_7' title="bbox 247 958 1348 1050; baseline -0.015 -18"><span class='ocrx_word' id='word_1_56' title='bbox 247 972 273 1033; x_wconf 88' lang='lat'><strong>1.</strong></span> <span class='ocrx_word' id='word_1_57' title='bbox 295 969 402 1032; x_wconf 82' lang='lat' dir='ltr'><strong>allatas</strong></span> <span class='ocrx_word' id='word_1_58' title='bbox 428 970 556 1030; x_wconf 74' lang='lat' dir='ltr'><strong>iortanm</strong></span> <span class='ocrx_word' id='word_1_59' title='bbox 582 969 649 1050; x_wconf 88' lang='lat' dir='ltr'><strong>ipsa</strong></span> <span class='ocrx_word' id='word_1_60' title='bbox 677 967 785 1040; x_wconf 84' lang='lat' dir='ltr'><strong>finxit,</strong></span> <span class='ocrx_word' id='word_1_61' title='bbox 819 965 987 1047; x_wconf 74' lang='lat' dir='ltr'><strong>prasertim</strong></span> <span class='ocrx_word' id='word_1_62' title='bbox 1015 964 1041 1023; x_wconf 84' lang='lat' dir='ltr'><strong>si</strong></span> <span class='ocrx_word' id='word_1_63' title='bbox 1068 962 1129 1022; x_wconf 86' lang='lat' dir='ltr'><strong>sibi</strong></span> <span class='ocrx_word' id='word_1_64' title='bbox 1149 959 1241 1019; x_wconf 86' lang='lat' dir='ltr'><strong>haud</strong></span> <span class='ocrx_word' id='word_1_65' title='bbox 1264 958 1348 1038; x_wconf 79' lang='lat' dir='ltr'><strong>plane</strong></span> 
     </span>
     <span class='ocr_line' id='line_1_8' title="bbox 249 1044 1347 1158; baseline -0.015 -20"><span class='ocrx_word' id='word_1_66' title='bbox 249 1083 439 1158; x_wconf 80' lang='lat' dir='ltr'><strong>compertum</strong></span> <span class='ocrx_word' id='word_1_67' title='bbox 456 1075 561 1148; x_wconf 77' lang='lat' dir='ltr'><strong>fuerit,</strong></span> <span class='ocrx_word' id='word_1_68' title='bbox 583 1044 693 1156; x_wconf 59' lang='lat' dir='ltr'><strong>quiem</strong></span> <span class='ocrx_word' id='word_1_69' title='bbox 711 1071 893 1152; x_wconf 69' lang='lat' dir='ltr'><strong>argumentis</strong></span> <span class='ocrx_word' id='word_1_70' title='bbox 909 1067 1074 1130; x_wconf 82' lang='lat' dir='ltr'><strong>adversarii</strong></span> <span class='ocrx_word' id='word_1_71' title='bbox 1089 1065 1270 1126; x_wconf 77' lang='lat' dir='ltr'><strong>doctrinam</strong></span> <span class='ocrx_word' id='word_1_72' title='bbox 1284 1083 1347 1144; x_wconf 78' lang='lat' dir='ltr'><strong>spo·</strong></span> 
     </span>
     <span class='ocr_line' id='line_1_9' title="bbox 251 1171 1345 1256; baseline -0.016 -11"><span class='ocrx_word' id='word_1_73' title='bbox 251 1183 391 1246; x_wconf 80' lang='lat' dir='ltr'><strong>stolieam</strong></span> <span class='ocrx_word' id='word_1_74' title='bbox 412 1181 451 1242; x_wconf 87' lang='lat' dir='ltr'><strong>de</strong></span> <span class='ocrx_word' id='word_1_75' title='bbox 472 1179 694 1241; x_wconf 86' lang='lat' dir='ltr'><strong>resurreetione</strong></span> <span class='ocrx_word' id='word_1_76' title='bbox 710 1185 898 1240; x_wconf 86' lang='lat' dir='ltr'><strong>mortuorum</strong></span> <span class='ocrx_word' id='word_1_77' title='bbox 913 1176 1136 1256; x_wconf 69' lang='lat' dir='ltr'><strong>impugnarent.</strong></span> <span class='ocrx_word' id='word_1_78' title='bbox 1162 1171 1345 1251; x_wconf 75' lang='lat' dir='ltr'><strong>Argumenta</strong></span> 
     </span>
     <span class='ocr_line' id='line_1_10' title="bbox 250 1277 1340 1374; baseline -0.018 -22"><span class='ocrx_word' id='word_1_79' title='bbox 250 1309 339 1362; x_wconf 79' lang='lat' dir='ltr'><strong>vero,</strong></span> <span class='ocrx_word' id='word_1_80' title='bbox 370 1287 479 1370; x_wconf 83' lang='lat' dir='ltr'><strong>quihus</strong></span> <span class='ocrx_word' id='word_1_81' title='bbox 503 1285 618 1346; x_wconf 84' lang='lat' dir='ltr'><strong>Paulus</strong></span> <span class='ocrx_word' id='word_1_82' title='bbox 642 1283 808 1374; x_wconf 82' lang='lat' dir='ltr'><strong>doctrinam</strong></span> <span class='ocrx_word' id='word_1_83' title='bbox 830 1303 848 1341; x_wconf 87' lang='lat' dir='ltr'><strong>a</strong></span> <span class='ocrx_word' id='word_1_84' title='bbox 871 1302 904 1340; x_wconf 86' lang='lat' dir='ltr'><strong>se</strong></span> <span class='ocrx_word' id='word_1_85' title='bbox 926 1280 1067 1340; x_wconf 82' lang='lat' dir='ltr'><strong>traditam</strong></span> <span class='ocrx_word' id='word_1_86' title='bbox 1087 1277 1262 1359; x_wconf 84' lang='lat' dir='ltr'><strong>probavit,</strong></span> <span class='ocrx_word' id='word_1_87' title='bbox 1287 1277 1340 1334; x_wconf 82' lang='lat' dir='ltr'><strong>ior·</strong></span> 
     </span>
     <span class='ocr_line' id='line_1_11' title="bbox 251 1384 1345 1468; baseline -0.011 -15"><span class='ocrx_word' id='word_1_88' title='bbox 251 1401 332 1453; x_wconf 83' lang='lat' dir='ltr'><strong>tasse</strong></span> <span class='ocrx_word' id='word_1_89' title='bbox 363 1412 425 1451; x_wconf 93' lang='lat' dir='ltr'><strong>non</strong></span> <span class='ocrx_word' id='word_1_90' title='bbox 448 1399 510 1450; x_wconf 83' lang='lat' dir='ltr'><strong>tam</strong></span> <span class='ocrx_word' id='word_1_91' title='bbox 539 1387 725 1468; x_wconf 78' lang='lat' dir='ltr'><strong>objectiones</strong></span> <span class='ocrx_word' id='word_1_92' title='bbox 755 1386 996 1448; x_wconf 85' lang='lat' dir='ltr'><strong>adversariorum</strong></span> <span class='ocrx_word' id='word_1_93' title='bbox 1024 1384 1234 1466; x_wconf 83' lang='lat' dir='ltr'><strong>spectabant,</strong></span> <span class='ocrx_word' id='word_1_94' title='bbox 1266 1401 1345 1463; x_wconf 83' lang='lat' dir='ltr'><strong>quau</strong></span> 
     </span>
     <span class='ocr_line' id='line_1_12' title="bbox 252 1487 1416 1577; baseline -0.01 -20"><span class='ocrx_word' id='word_1_95' title='bbox 252 1517 365 1558; x_wconf 85' lang='lat' dir='ltr'><strong>nexum</strong></span> <span class='ocrx_word' id='word_1_96' title='bbox 386 1493 469 1554; x_wconf 90' lang='lat' dir='ltr'><strong>illius</strong></span> <span class='ocrx_word' id='word_1_97' title='bbox 499 1491 656 1564; x_wconf 76' lang='lat' dir='ltr'><strong>veritah‘s,</strong></span> <span class='ocrx_word' id='word_1_98' title='bbox 692 1488 778 1571; x_wconf 83' lang='lat' dir='ltr'><strong>eujus</strong></span> <span class='ocrx_word' id='word_1_99' title='bbox 808 1491 874 1572; x_wconf 88' lang='lat' dir='ltr'><strong>ipse</strong></span> <span class='ocrx_word' id='word_1_100' title='bbox 898 1500 963 1553; x_wconf 85' lang='lat' dir='ltr'><strong>erat</strong></span> <span class='ocrx_word' id='word_1_101' title='bbox 982 1499 1149 1574; x_wconf 83' lang='lat' dir='ltr'><strong>patronus,</strong></span> <span class='ocrx_word' id='word_1_102' title='bbox 1186 1511 1260 1550; x_wconf 90' lang='lat' dir='ltr'><strong>eum</strong></span> <span class='ocrx_word' id='word_1_103' title='bbox 1289 1487 1346 1547; x_wconf 85' lang='lat' dir='ltr'><strong>aliis</strong></span> <span class='ocrx_word' id='word_1_104' title='bbox 1412 1566 1416 1577; x_wconf 44' lang='grc' dir='ltr'>Ι</span> 
     </span>
     <span class='ocr_line' id='line_1_13' title="bbox 252 1589 1415 1684; baseline -0.008 -23"><span class='ocrx_word' id='word_1_105' title='bbox 252 1589 386 1684; x_wconf 79' lang='lat' dir='ltr'><strong>placitis,</strong></span> <span class='ocrx_word' id='word_1_106' title='bbox 423 1619 489 1682; x_wconf 71' lang='lat' dir='ltr'><strong>quse</strong></span> <span class='ocrx_word' id='word_1_107' title='bbox 518 1597 578 1658; x_wconf 84' lang='lat' dir='ltr'><strong>sibi</strong></span> <span class='ocrx_word' id='word_1_108' title='bbox 608 1595 774 1658; x_wconf 80' lang='lat' dir='ltr'><strong>certissima</strong></span> <span class='ocrx_word' id='word_1_109' title='bbox 800 1597 933 1658; x_wconf 77' lang='lat' dir='ltr'><strong>omnim</strong></span> <span class='ocrx_word' id='word_1_110' title='bbox 963 1597 1156 1659; x_wconf 84' lang='lat' dir='ltr'><strong>videbantur.</strong></span> <span class='ocrx_word' id='word_1_111' title='bbox 1223 1594 1350 1672; x_wconf 78' lang='lat' dir='ltr'><strong>Quando</strong></span> <span class='ocrx_word' id='word_1_112' title='bbox 1408 1644 1415 1671; x_wconf 92' lang='lat'><strong>·.</strong></span> 
     </span>
     <span class='ocr_line' id='line_1_14' title="bbox 254 1691 1416 1805; baseline -0.004 -37"><span class='ocrx_word' id='word_1_113' title='bbox 254 1707 347 1788; x_wconf 86' lang='lat' dir='ltr'><strong>igitur</strong></span> <span class='ocrx_word' id='word_1_114' title='bbox 373 1705 415 1766; x_wconf 85' lang='lat' dir='ltr'><strong>ita</strong></span> <span class='ocrx_word' id='word_1_115' title='bbox 443 1703 595 1788; x_wconf 70' lang='lat' dir='ltr'><strong>disputate</strong></span> <span class='ocrx_word' id='word_1_116' title='bbox 630 1701 678 1768; x_wconf 81' lang='grc' dir='ltr'><strong>Εἰ</strong></span> <span class='ocrx_word' id='word_1_117' title='bbox 707 1699 744 1768; x_wconf 80' lang='grc' dir='ltr'><strong>δέ</strong></span> <span class='ocrx_word' id='word_1_118' title='bbox 774 1691 958 1775; x_wconf 68' lang='grc' dir='ltr'><strong><em>ἀνάστασις</em></strong></span> <span class='ocrx_word' id='word_1_119' title='bbox 988 1701 1118 1787; x_wconf 78' lang='grc' dir='ltr'><strong><em>αειιρῶιι</em></strong></span> <span class='ocrx_word' id='word_1_120' title='bbox 1150 1692 1220 1766; x_wconf 72' lang='grc' dir='ltr'><strong>οὐκ</strong></span> <span class='ocrx_word' id='word_1_121' title='bbox 1253 1702 1350 1774; x_wconf 80' lang='grc' dir='ltr'><strong><em>ἔστιν,</em></strong></span> <span class='ocrx_word' id='word_1_122' title='bbox 1410 1774 1416 1805; x_wconf 59' lang='grc' dir='ltr'>Ι</span> 
     </span>
     <span class='ocr_line' id='line_1_15' title="bbox 255 1797 1420 1896; baseline -0.007 -20"><span class='ocrx_word' id='word_1_123' title='bbox 255 1803 336 1876; x_wconf 75' lang='grc' dir='ltr'><strong>οὐδὲ</strong></span> <span class='ocrx_word' id='word_1_124' title='bbox 365 1801 495 1895; x_wconf 76' lang='grc' dir='ltr'><strong><em>Χριςὸς</em></strong></span> <span class='ocrx_word' id='word_1_125' title='bbox 525 1797 712 1896; x_wconf 71' lang='grc' dir='ltr'><strong><em>ἐγήγερται·</em></strong></span> <span class='ocrx_word' id='word_1_126' title='bbox 747 1808 778 1872; x_wconf 82' lang='grc' dir='ltr'><strong>εἰ</strong></span> <span class='ocrx_word' id='word_1_127' title='bbox 810 1805 846 1873; x_wconf 74' lang='lat' dir='ltr'><strong>tt</strong></span> <span class='ocrx_word' id='word_1_128' title='bbox 877 1799 1030 1891; x_wconf 77' lang='grc' dir='ltr'><strong><em>Χριστός</em></strong></span> <span class='ocrx_word' id='word_1_129' title='bbox 1059 1797 1121 1872; x_wconf 72' lang='grc' dir='ltr'><strong>οὐκ</strong></span> <span class='ocrx_word' id='word_1_130' title='bbox 1158 1797 1348 1894; x_wconf 70' lang='grc' dir='ltr'><strong><em>ἐγήγερται,</em></strong></span> <span class='ocrx_word' id='word_1_131' title='bbox 1419 1853 1420 1876; x_wconf 60' lang='grc'><strong><em>,</em></strong></span> 
     </span>
     <span class='ocr_line' id='line_1_16' title="bbox 255 1903 1347 2000; baseline -0.005 -18"><span class='ocrx_word' id='word_1_132' title='bbox 255 1905 357 1982; x_wconf 72' lang='grc' dir='ltr'><strong><em>κενόν</em></strong></span> <span class='ocrx_word' id='word_1_133' title='bbox 378 1909 443 2000; x_wconf 81' lang='grc' dir='ltr'><strong>ἄρα</strong></span> <span class='ocrx_word' id='word_1_134' title='bbox 468 1905 506 1979; x_wconf 72' lang='lat' dir='ltr'><strong>sti</strong></span> <span class='ocrx_word' id='word_1_135' title='bbox 527 1903 684 2000; x_wconf 80' lang='grc' dir='ltr'><strong><em>κήρυγμα</em></strong></span> <span class='ocrx_word' id='word_1_136' title='bbox 701 1903 813 1998; x_wconf 76' lang='grc' dir='ltr'><strong><em>ήμῶν,</em></strong></span> <span class='ocrx_word' id='word_1_137' title='bbox 838 1905 920 1996; x_wconf 79' lang='grc' dir='ltr'><strong><em>κενή</em></strong></span> <span class='ocrx_word' id='word_1_138' title='bbox 943 1912 979 1979; x_wconf 75' lang='grc' dir='ltr'><strong>δὲ</strong></span> <span class='ocrx_word' id='word_1_139' title='bbox 1002 1910 1058 1980; x_wconf 75' lang='grc' dir='ltr'><strong>καὶ</strong></span> <span class='ocrx_word' id='word_1_140' title='bbox 1080 1904 1103 1996; x_wconf 85' lang='grc' dir='ltr'><strong><em>ή</em></strong></span> <span class='ocrx_word' id='word_1_141' title='bbox 1124 1909 1224 1986; x_wconf 58' lang='lat' dir='ltr'><strong>nigre</strong></span> <span class='ocrx_word' id='word_1_142' title='bbox 1247 1905 1347 1996; x_wconf 75' lang='grc' dir='ltr'><strong>ὑμῶν</strong></span> 
     </span>
     <span class='ocr_line' id='line_1_17' title="bbox 255 2007 1347 2104; baseline -0.003 -21"><span class='ocrx_word' id='word_1_143' title='bbox 255 2041 308 2083; x_wconf 83' lang='lat' dir='ltr'><strong>vv.</strong></span> <span class='ocrx_word' id='word_1_144' title='bbox 332 2021 385 2082; x_wconf 92' lang='grc'><strong>13.</strong></span> <span class='ocrx_word' id='word_1_145' title='bbox 412 2019 464 2082; x_wconf 80' lang='lat'><strong>1⁴.</strong></span> <span class='ocrx_word' id='word_1_146' title='bbox 516 2019 564 2084; x_wconf 81' lang='grc' dir='ltr'><strong>Εἰ</strong></span> <span class='ocrx_word' id='word_1_147' title='bbox 586 2011 651 2104; x_wconf 73' lang='grc' dir='ltr'><strong>γαρ</strong></span> <span class='ocrx_word' id='word_1_148' title='bbox 670 2015 782 2102; x_wconf 76' lang='grc' dir='ltr'><strong><em>νεκροὶ</em></strong></span> <span class='ocrx_word' id='word_1_149' title='bbox 799 2009 861 2082; x_wconf 73' lang='grc' dir='ltr'><strong>οὐκ</strong></span> <span class='ocrx_word' id='word_1_150' title='bbox 881 2014 1080 2103; x_wconf 74' lang='grc' dir='ltr'><strong><em>ἐγείρονται,</em></strong></span> <span class='ocrx_word' id='word_1_151' title='bbox 1103 2007 1186 2082; x_wconf 76' lang='grc' dir='ltr'><strong>οὐδὲ</strong></span> <span class='ocrx_word' id='word_1_152' title='bbox 1203 2007 1347 2102; x_wconf 73' lang='grc' dir='ltr'><strong><em>Χριστός</em></strong></span> 
     </span>
     <span class='ocr_line' id='line_1_18' title="bbox 258 2113 1344 2212; baseline -0.006 -22"><span class='ocrx_word' id='word_1_153' title='bbox 258 2115 448 2212; x_wconf 83' lang='grc' dir='ltr'><strong><em>εγήγερται·</em></strong></span> <span class='ocrx_word' id='word_1_154' title='bbox 473 2125 504 2188; x_wconf 82' lang='grc' dir='ltr'><strong>εἰ</strong></span> <span class='ocrx_word' id='word_1_155' title='bbox 525 2119 560 2188; x_wconf 75' lang='lat' dir='ltr'><strong>tt</strong></span> <span class='ocrx_word' id='word_1_156' title='bbox 584 2113 736 2206; x_wconf 75' lang='grc' dir='ltr'><strong><em>Χριστός</em></strong></span> <span class='ocrx_word' id='word_1_157' title='bbox 758 2113 820 2188; x_wconf 74' lang='lat' dir='ltr'><strong>otia</strong></span> <span class='ocrx_word' id='word_1_158' title='bbox 845 2113 1034 2209; x_wconf 79' lang='grc' dir='ltr'><strong><em>ἐγήγερται,</em></strong></span> <span class='ocrx_word' id='word_1_159' title='bbox 1057 2119 1192 2208; x_wconf 79' lang='grc' dir='ltr'><strong><em>ματαία</em></strong></span> <span class='ocrx_word' id='word_1_160' title='bbox 1216 2116 1242 2206; x_wconf 89' lang='grc' dir='ltr'><strong><em>ή</em></strong></span> <span class='ocrx_word' id='word_1_161' title='bbox 1268 2121 1344 2196; x_wconf 67' lang='lat' dir='ltr'><strong>nisce</strong></span> 
     </span>
     <span class='ocr_line' id='line_1_19' title="bbox 257 2223 1349 2316; baseline -0.017 -19"><span class='ocrx_word' id='word_1_162' title='bbox 257 2223 1349 2316; x_wconf 48' lang='grc' dir='ltr'><strong>ᾦώααληΜΠμηαΜὼῶάῶᾒμ</strong></span> 
     </span>
     <span class='ocr_line' id='line_1_20' title="bbox 259 2317 1350 2420; baseline -0.008 -18"><span class='ocrx_word' id='word_1_163' title='bbox 259 2330 339 2409; x_wconf 72' lang='lat' dir='ltr'><strong>ostie</strong></span> <span class='ocrx_word' id='word_1_164' title='bbox 362 2325 424 2402; x_wconf 70' lang='lat' dir='ltr'><strong>oin</strong></span> <span class='ocrx_word' id='word_1_165' title='bbox 446 2323 623 2420; x_wconf 77' lang='grc' dir='ltr'><strong><em>ἐγήγερται</em></strong></span> <span class='ocrx_word' id='word_1_166' title='bbox 651 2353 713 2393; x_wconf 90' lang='lat' dir='ltr'><strong>uon</strong></span> <span class='ocrx_word' id='word_1_167' title='bbox 740 2339 825 2394; x_wconf 84' lang='lat' dir='ltr'><strong>nerto</strong></span> <span class='ocrx_word' id='word_1_168' title='bbox 853 2332 993 2394; x_wconf 81' lang='lat' dir='ltr'><strong>concludi</strong></span> <span class='ocrx_word' id='word_1_169' title='bbox 1022 2317 1137 2413; x_wconf 80' lang='lat' dir='ltr'><strong>potest,</strong></span> <span class='ocrx_word' id='word_1_170' title='bbox 1162 2333 1350 2394; x_wconf 81' lang='lat' dir='ltr'><strong>adversarios</strong></span> 
     </span>
     <span class='ocr_line' id='line_1_21' title="bbox 259 2431 1350 2520; baseline -0.001 -21"><span class='ocrx_word' id='word_1_171' title='bbox 259 2439 330 2499; x_wconf 87' lang='lat' dir='ltr'><strong>illos</strong></span> <span class='ocrx_word' id='word_1_172' title='bbox 354 2459 493 2518; x_wconf 75' lang='lat' dir='ltr'><strong>negasse,</strong></span> <span class='ocrx_word' id='word_1_173' title='bbox 517 2439 672 2499; x_wconf 82' lang='lat' dir='ltr'><strong>Christum</strong></span> <span class='ocrx_word' id='word_1_174' title='bbox 694 2457 711 2497; x_wconf 85' lang='lat' dir='ltr'><strong>e</strong></span> <span class='ocrx_word' id='word_1_175' title='bbox 732 2439 858 2500; x_wconf 87' lang='lat' dir='ltr'><strong>mortuis</strong></span> <span class='ocrx_word' id='word_1_176' title='bbox 877 2459 944 2498; x_wconf 86' lang='lat' dir='ltr'><strong>esse</strong></span> <span class='ocrx_word' id='word_1_177' title='bbox 957 2431 1192 2511; x_wconf 80' lang='lat' dir='ltr'><strong>resuscitatum,</strong></span> <span class='ocrx_word' id='word_1_178' title='bbox 1215 2439 1350 2520; x_wconf 84' lang='lat' dir='ltr'><strong>quoniam</strong></span> 
     </span>
     <span class='ocr_line' id='line_1_22' title="bbox 259 2541 1351 2628; baseline 0.002 -27"><span class='ocrx_word' id='word_1_179' title='bbox 259 2541 339 2601; x_wconf 86' lang='lat' dir='ltr'><strong>illud</strong></span> <span class='ocrx_word' id='word_1_180' title='bbox 357 2543 485 2601; x_wconf 83' lang='lat' dir='ltr'><strong>fortasse</strong></span> <span class='ocrx_word' id='word_1_181' title='bbox 505 2543 624 2602; x_wconf 90' lang='lat' dir='ltr'><strong>nonnisi</strong></span> <span class='ocrx_word' id='word_1_182' title='bbox 638 2543 806 2602; x_wconf 84' lang='lat' dir='ltr'><strong>membrum</strong></span> <span class='ocrx_word' id='word_1_183' title='bbox 827 2550 874 2606; x_wconf 82' lang='lat' dir='ltr'><strong>est</strong></span> <span class='ocrx_word' id='word_1_184' title='bbox 894 2543 1172 2624; x_wconf 73' lang='lat' dir='ltr'><strong>argumentationis,</strong></span> <span class='ocrx_word' id='word_1_185' title='bbox 1198 2565 1264 2628; x_wconf 82' lang='lat' dir='ltr'><strong>qua</strong></span> <span class='ocrx_word' id='word_1_186' title='bbox 1281 2546 1351 2606; x_wconf 85' lang='lat' dir='ltr'><strong>Pau·</strong></span> 
     </span>
     <span class='ocr_line' id='line_1_23' title="bbox 261 2645 1351 2728; baseline 0.003 -21"><span class='ocrx_word' id='word_1_187' title='bbox 261 2645 311 2707; x_wconf 92' lang='lat' dir='ltr'><strong>lus</strong></span> <span class='ocrx_word' id='word_1_188' title='bbox 340 2645 436 2704; x_wconf 87' lang='lat' dir='ltr'><strong>utitur</strong></span> <span class='ocrx_word' id='word_1_189' title='bbox 462 2645 502 2705; x_wconf 87' lang='lat' dir='ltr'><strong>ad</strong></span> <span class='ocrx_word' id='word_1_190' title='bbox 523 2645 733 2705; x_wconf 81' lang='lat' dir='ltr'><strong>confutandam</strong></span> <span class='ocrx_word' id='word_1_191' title='bbox 761 2647 933 2728; x_wconf 88' lang='lat' dir='ltr'><strong>opinionem</strong></span> <span class='ocrx_word' id='word_1_192' title='bbox 957 2649 995 2708; x_wconf 89' lang='lat' dir='ltr'><strong>de</strong></span> <span class='ocrx_word' id='word_1_193' title='bbox 1023 2650 1149 2710; x_wconf 83' lang='lat' dir='ltr'><strong>mortuis</strong></span> <span class='ocrx_word' id='word_1_194' title='bbox 1177 2670 1245 2710; x_wconf 89' lang='lat' dir='ltr'><strong>nou</strong></span> <span class='ocrx_word' id='word_1_195' title='bbox 1277 2673 1351 2711; x_wconf 87' lang='lat' dir='ltr'><strong>resn-</strong></span> 
     </span>
     <span class='ocr_line' id='line_1_24' title="bbox 262 2749 1352 2838; baseline 0.004 -26"><span class='ocrx_word' id='word_1_196' title='bbox 262 2751 403 2812; x_wconf 78' lang='lat' dir='ltr'><strong>scitandis</strong></span> <span class='ocrx_word' id='word_1_197' title='bbox 424 2750 456 2810; x_wconf 92' lang='lat' dir='ltr'><strong>iu</strong></span> <span class='ocrx_word' id='word_1_198' title='bbox 478 2749 669 2810; x_wconf 86' lang='lat' dir='ltr'><strong>universum:</strong></span> <span class='ocrx_word' id='word_1_199' title='bbox 703 2750 761 2811; x_wconf 85' lang='lat' dir='ltr'><strong>”si</strong></span> <span class='ocrx_word' id='word_1_200' title='bbox 777 2753 890 2813; x_wconf 87' lang='lat' dir='ltr'><strong>mortui</strong></span> <span class='ocrx_word' id='word_1_201' title='bbox 909 2773 971 2814; x_wconf 93' lang='lat' dir='ltr'><strong>non</strong></span> <span class='ocrx_word' id='word_1_202' title='bbox 993 2761 1156 2835; x_wconf 88' lang='lat' dir='ltr'><strong>resurgunt</strong></span> <span class='ocrx_word' id='word_1_203' title='bbox 1179 2761 1352 2838; x_wconf 86' lang='lat' dir='ltr'><strong>(resurgere</strong></span> 
     </span>
     <span class='ocr_line' id='line_1_25' title="bbox 262 2855 1352 2942; baseline 0.004 -23"><span class='ocrx_word' id='word_1_204' title='bbox 262 2861 418 2942; x_wconf 84' lang='lat' dir='ltr'><strong>possunt),</strong></span> <span class='ocrx_word' id='word_1_205' title='bbox 449 2877 506 2918; x_wconf 85' lang='lat' dir='ltr'><strong>nee</strong></span> <span class='ocrx_word' id='word_1_206' title='bbox 530 2855 669 2917; x_wconf 85' lang='lat' dir='ltr'><strong>Christus</strong></span> <span class='ocrx_word' id='word_1_207' title='bbox 692 2859 880 2930; x_wconf 84' lang='lat' dir='ltr'><strong>resurrexit;</strong></span> <span class='ocrx_word' id='word_1_208' title='bbox 915 2860 942 2918; x_wconf 89' lang='lat' dir='ltr'><strong>si</strong></span> <span class='ocrx_word' id='word_1_209' title='bbox 965 2880 1039 2920; x_wconf 87' lang='lat' dir='ltr'><strong>vero</strong></span> <span class='ocrx_word' id='word_1_210' title='bbox 1060 2859 1204 2920; x_wconf 78' lang='lat' dir='ltr'><strong>Christus</strong></span> <span class='ocrx_word' id='word_1_211' title='bbox 1228 2883 1295 2923; x_wconf 89' lang='lat' dir='ltr'><strong>non</strong></span> <span class='ocrx_word' id='word_1_212' title='bbox 1312 2883 1352 2922; x_wconf 89' lang='lat' dir='ltr'><strong>re·</strong></span> 
     </span>
     <span class='ocr_line' id='line_1_26' title="bbox 264 2961 1353 3044; baseline 0.001 -19"><span class='ocrx_word' id='word_1_213' title='bbox 264 2965 417 3040; x_wconf 81' lang='lat' dir='ltr'><strong>surrexit,</strong></span> <span class='ocrx_word' id='word_1_214' title='bbox 446 2961 635 3044; x_wconf 86' lang='lat' dir='ltr'><strong>evangelium</strong></span> <span class='ocrx_word' id='word_1_215' title='bbox 658 2984 676 3022; x_wconf 84' lang='lat' dir='ltr'><strong>a</strong></span> <span class='ocrx_word' id='word_1_216' title='bbox 696 2963 784 3024; x_wconf 88' lang='lat' dir='ltr'><strong>uobis</strong></span> <span class='ocrx_word' id='word_1_217' title='bbox 807 2963 962 3036; x_wconf 79' lang='lat' dir='ltr'><strong>traditum,</strong></span> <span class='ocrx_word' id='word_1_218' title='bbox 986 2964 1106 3024; x_wconf 89' lang='lat' dir='ltr'><strong>omnino</strong></span> <span class='ocrx_word' id='word_1_219' title='bbox 1130 2964 1256 3025; x_wconf 84' lang='lat' dir='ltr'><strong>irritum</strong></span> <span class='ocrx_word' id='word_1_220' title='bbox 1281 2965 1353 3026; x_wconf 87' lang='lat' dir='ltr'><strong>est.”</strong></span> 
     </span>
     <span class='ocr_line' id='line_1_27' title="bbox 263 3061 1355 3155; baseline -0.006 -22"><span class='ocrx_word' id='word_1_221' title='bbox 263 3071 406 3133; x_wconf 82' lang='lat' dir='ltr'><strong>Fortasse</strong></span> <span class='ocrx_word' id='word_1_222' title='bbox 434 3069 527 3150; x_wconf 84' lang='lat' dir='ltr'><strong>igitur</strong></span> <span class='ocrx_word' id='word_1_223' title='bbox 548 3066 586 3126; x_wconf 84' lang='lat' dir='ltr'><strong>ab</strong></span> <span class='ocrx_word' id='word_1_224' title='bbox 609 3067 683 3148; x_wconf 88' lang='lat' dir='ltr'><strong>ipsis</strong></span> <span class='ocrx_word' id='word_1_225' title='bbox 707 3067 768 3128; x_wconf 89' lang='lat' dir='ltr'><strong>illis</strong></span> <span class='ocrx_word' id='word_1_226' title='bbox 790 3067 961 3128; x_wconf 84' lang='lat' dir='ltr'><strong>hominibus</strong></span> <span class='ocrx_word' id='word_1_227' title='bbox 985 3061 1116 3154; x_wconf 80' lang='grc' dir='ltr'><strong><em>Χριςός</em></strong></span> <span class='ocrx_word' id='word_1_228' title='bbox 1139 3073 1355 3155; x_wconf 64' lang='grc' dir='ltr'><strong><em>ἐκήρυσσρῑο,</em></strong></span> 
     </span>
     <span class='ocr_line' id='line_1_28' title="bbox 265 3163 1355 3260; baseline -0.003 -21"><span class='ocrx_word' id='word_1_229' title='bbox 265 3169 318 3240; x_wconf 79' lang='grc' dir='ltr'><strong>ὅτι</strong></span> <span class='ocrx_word' id='word_1_230' title='bbox 342 3179 377 3241; x_wconf 77' lang='grc' dir='ltr'><strong>ἐκ</strong></span> <span class='ocrx_word' id='word_1_231' title='bbox 398 3173 527 3260; x_wconf 70' lang='grc' dir='ltr'><strong><em>νεκρῶν</em></strong></span> <span class='ocrx_word' id='word_1_232' title='bbox 549 3163 726 3260; x_wconf 75' lang='grc' dir='ltr'><strong><em>ἐγήγερται</em></strong></span> <span class='ocrx_word' id='word_1_233' title='bbox 749 3177 794 3252; x_wconf 81' lang='lat' dir='ltr'><strong>(v.</strong></span> <span class='ocrx_word' id='word_1_234' title='bbox 819 3175 890 3250; x_wconf 81' lang='lat'><strong>12),</strong></span> <span class='ocrx_word' id='word_1_235' title='bbox 915 3175 990 3234; x_wconf 91' lang='lat' dir='ltr'><strong>adeo</strong></span> <span class='ocrx_word' id='word_1_236' title='bbox 1014 3183 1048 3235; x_wconf 87' lang='lat' dir='ltr'><strong>ut</strong></span> <span class='ocrx_word' id='word_1_237' title='bbox 1061 3183 1245 3250; x_wconf 86' lang='lat' dir='ltr'><strong>statuerent,</strong></span> <span class='ocrx_word' id='word_1_238' title='bbox 1271 3178 1355 3239; x_wconf 81' lang='lat' dir='ltr'><strong>Chri-</strong></span> 
     </span>
     <span class='ocr_line' id='line_1_29' title="bbox 265 3278 1355 3365; baseline 0.004 -27"><span class='ocrx_word' id='word_1_239' title='bbox 265 3287 346 3340; x_wconf 89' lang='lat' dir='ltr'><strong>stum</strong></span> <span class='ocrx_word' id='word_1_240' title='bbox 370 3279 490 3361; x_wconf 88' lang='lat' dir='ltr'><strong>quidem</strong></span> <span class='ocrx_word' id='word_1_241' title='bbox 511 3278 543 3337; x_wconf 89' lang='lat' dir='ltr'><strong>in</strong></span> <span class='ocrx_word' id='word_1_242' title='bbox 564 3279 655 3340; x_wconf 84' lang='lat' dir='ltr'><strong>vitam</strong></span> <span class='ocrx_word' id='word_1_243' title='bbox 677 3285 749 3359; x_wconf 90' lang='lat' dir='ltr'><strong>post</strong></span> <span class='ocrx_word' id='word_1_244' title='bbox 773 3287 901 3340; x_wconf 89' lang='lat' dir='ltr'><strong>mortem</strong></span> <span class='ocrx_word' id='word_1_245' title='bbox 921 3301 987 3341; x_wconf 84' lang='lat' dir='ltr'><strong>esse</strong></span> <span class='ocrx_word' id='word_1_246' title='bbox 1012 3287 1209 3354; x_wconf 85' lang='lat' dir='ltr'><strong>revocatum,</strong></span> <span class='ocrx_word' id='word_1_247' title='bbox 1246 3285 1355 3365; x_wconf 85' lang='lat' dir='ltr'><strong>quippe</strong></span> 
     </span>
     <span class='ocr_line' id='line_1_30' title="bbox 266 3383 1356 3468; baseline 0.003 -25"><span class='ocrx_word' id='word_1_248' title='bbox 266 3384 319 3466; x_wconf 86' lang='lat' dir='ltr'><strong>qui</strong></span> <span class='ocrx_word' id='word_1_249' title='bbox 342 3383 451 3445; x_wconf 80' lang='lat' dir='ltr'><strong>divium</strong></span> <span class='ocrx_word' id='word_1_250' title='bbox 476 3393 557 3446; x_wconf 87' lang='lat' dir='ltr'><strong>esset</strong></span> <span class='ocrx_word' id='word_1_251' title='bbox 577 3392 711 3457; x_wconf 83' lang='lat' dir='ltr'><strong>natnrae,</strong></span> <span class='ocrx_word' id='word_1_252' title='bbox 743 3385 799 3447; x_wconf 85' lang='lat' dir='ltr'><strong>sed</strong></span> <span class='ocrx_word' id='word_1_253' title='bbox 824 3385 863 3444; x_wconf 86' lang='lat' dir='ltr'><strong>ad</strong></span> <span class='ocrx_word' id='word_1_254' title='bbox 883 3385 1017 3468; x_wconf 88' lang='lat' dir='ltr'><strong>reliquos</strong></span> <span class='ocrx_word' id='word_1_255' title='bbox 1038 3387 1181 3448; x_wconf 81' lang='lat' dir='ltr'><strong>mortales</strong></span> <span class='ocrx_word' id='word_1_256' title='bbox 1203 3409 1356 3457; x_wconf 79' lang='lat' dir='ltr'><strong>resurree-</strong></span> 
     </span>
     <span class='ocr_line' id='line_1_31' title="bbox 265 3489 1357 3576; baseline 0.004 -28"><span class='ocrx_word' id='word_1_257' title='bbox 265 3489 380 3549; x_wconf 82' lang='lat' dir='ltr'><strong>tionem</strong></span> <span class='ocrx_word' id='word_1_258' title='bbox 403 3492 523 3553; x_wconf 90' lang='lat' dir='ltr'><strong>nonnisi</strong></span> <span class='ocrx_word' id='word_1_259' title='bbox 552 3513 643 3552; x_wconf 85' lang='lat' dir='ltr'><strong>sensu</strong></span> <span class='ocrx_word' id='word_1_260' title='bbox 670 3490 778 3552; x_wconf 88' lang='lat' dir='ltr'><strong>morali</strong></span> <span class='ocrx_word' id='word_1_261' title='bbox 806 3491 957 3571; x_wconf 87' lang='lat' dir='ltr'><strong>pertinere</strong></span> <span class='ocrx_word' id='word_1_262' title='bbox 981 3493 1025 3576; x_wconf 86' lang='lat' dir='ltr'><strong>(v.</strong></span> <span class='ocrx_word' id='word_1_263' title='bbox 1050 3515 1084 3574; x_wconf 90' lang='lat' dir='ltr'><strong>p.</strong></span> <span class='ocrx_word' id='word_1_264' title='bbox 1109 3491 1197 3574; x_wconf 81' lang='lat'>160).</span> <span class='ocrx_word' id='word_1_265' title='bbox 1244 3493 1357 3554; x_wconf 85' lang='lat' dir='ltr'><strong>Paulus</strong></span> 
     </span>
     <span class='ocr_line' id='line_1_32' title="bbox 267 3596 1357 3674; baseline 0.005 -20"><span class='ocrx_word' id='word_1_266' title='bbox 267 3614 342 3655; x_wconf 84' lang='lat' dir='ltr'><strong>vero</strong></span> <span class='ocrx_word' id='word_1_267' title='bbox 370 3600 498 3674; x_wconf 87' lang='lat' dir='ltr'><strong>propter</strong></span> <span class='ocrx_word' id='word_1_268' title='bbox 525 3596 712 3658; x_wconf 81' lang='lat' dir='ltr'><strong>identitatem</strong></span> <span class='ocrx_word' id='word_1_269' title='bbox 742 3601 855 3658; x_wconf 66' lang='lat' dir='ltr'><strong>naturae</strong></span> <span class='ocrx_word' id='word_1_270' title='bbox 887 3597 1002 3658; x_wconf 84' lang='lat' dir='ltr'><strong>Christi</strong></span> <span class='ocrx_word' id='word_1_271' title='bbox 1025 3598 1055 3660; x_wconf 75' lang='lat' dir='ltr'><strong>rie</strong></span> <span class='ocrx_word' id='word_1_272' title='bbox 1079 3606 1192 3659; x_wconf 85' lang='lat' dir='ltr'><strong>naturae</strong></span> <span class='ocrx_word' id='word_1_273' title='bbox 1223 3599 1357 3659; x_wconf 71' lang='lat' dir='ltr'><strong>humane</strong></span> 
     </span>
     <span class='ocr_line' id='line_1_33' title="bbox 266 3681 1356 3779; baseline 0.001 -18"><span class='ocrx_word' id='word_1_274' title='bbox 266 3705 357 3779; x_wconf 81' lang='lat' dir='ltr'><strong>negat</strong></span> <span class='ocrx_word' id='word_1_275' title='bbox 376 3697 443 3758; x_wconf 83' lang='lat' dir='ltr'><strong>fieri</strong></span> <span class='ocrx_word' id='word_1_276' title='bbox 464 3718 574 3779; x_wconf 83' lang='lat' dir='ltr'><strong>posse,</strong></span> <span class='ocrx_word' id='word_1_277' title='bbox 614 3709 649 3764; x_wconf 87' lang='lat' dir='ltr'><strong>ut</strong></span> <span class='ocrx_word' id='word_1_278' title='bbox 670 3700 809 3762; x_wconf 86' lang='lat' dir='ltr'><strong>Christus</strong></span> <span class='ocrx_word' id='word_1_279' title='bbox 832 3705 1052 3776; x_wconf 84' lang='lat' dir='ltr'><strong>resurrexerit,</strong></span> <span class='ocrx_word' id='word_1_280' title='bbox 1086 3681 1112 3764; x_wconf 81' lang='lat' dir='ltr'><strong>si</strong></span> <span class='ocrx_word' id='word_1_281' title='bbox 1134 3703 1276 3763; x_wconf 88' lang='lat' dir='ltr'><strong>homines</strong></span> <span class='ocrx_word' id='word_1_282' title='bbox 1299 3726 1356 3764; x_wconf 88' lang='lat' dir='ltr'><strong>om-</strong></span> 
     </span>
     <span class='ocr_line' id='line_1_34' title="bbox 266 3805 1355 3892; baseline 0 -26"><span class='ocrx_word' id='word_1_283' title='bbox 266 3805 338 3866; x_wconf 91' lang='lat' dir='ltr'><strong>nino</strong></span> <span class='ocrx_word' id='word_1_284' title='bbox 359 3824 420 3864; x_wconf 90' lang='lat' dir='ltr'><strong>non</strong></span> <span class='ocrx_word' id='word_1_285' title='bbox 445 3812 604 3886; x_wconf 83' lang='lat' dir='ltr'><strong>resurgant</strong></span> <span class='ocrx_word' id='word_1_286' title='bbox 624 3806 669 3891; x_wconf 83' lang='lat' dir='ltr'><strong>(v.</strong></span> <span class='ocrx_word' id='word_1_287' title='bbox 691 3806 801 3890; x_wconf 66' lang='lat'><strong>15)1),</strong></span> <span class='ocrx_word' id='word_1_288' title='bbox 826 3842 869 3859; x_wconf 91' lang='lat'><em>-</em></span> <span class='ocrx_word' id='word_1_289' title='bbox 896 3809 960 3870; x_wconf 90' lang='lat' dir='ltr'><strong>Sed</strong></span> <span class='ocrx_word' id='word_1_290' title='bbox 982 3809 1073 3870; x_wconf 78' lang='lat' dir='ltr'><strong>statui</strong></span> <span class='ocrx_word' id='word_1_291' title='bbox 1097 3829 1219 3892; x_wconf 84' lang='lat' dir='ltr'><strong>quoque</strong></span> <span class='ocrx_word' id='word_1_292' title='bbox 1242 3815 1355 3890; x_wconf 88' lang='lat' dir='ltr'><strong>potest,</strong></span> 
     </span>
    </p>
   </div>
   <div class='ocr_carea' id='block_1_3' title="bbox 284 4025 1355 4102">
    <p class='ocr_par' dir='ltr' id='par_1_3' title="bbox 284 4025 1355 4102">
     <span class='ocr_line' id='line_1_35' title="bbox 284 4025 1355 4102; baseline -0.004 -17"><span class='ocrx_word' id='word_1_293' title='bbox 284 4025 316 4094; x_wconf 83' lang='lat'><strong>1)</strong></span> <span class='ocrx_word' id='word_1_294' title='bbox 335 4027 411 4082; x_wconf 86' lang='lat' dir='ltr'><strong>”Der</strong></span> <span class='ocrx_word' id='word_1_295' title='bbox 430 4025 545 4098; x_wconf 72' lang='lat' dir='ltr'><strong>Apostel</strong></span> <span class='ocrx_word' id='word_1_296' title='bbox 571 4027 656 4082; x_wconf 75' lang='lat' dir='ltr'><strong>stotza</strong></span> <span class='ocrx_word' id='word_1_297' title='bbox 680 4025 740 4083; x_wconf 82' lang='lat' dir='ltr'><strong>sich</strong></span> <span class='ocrx_word' id='word_1_298' title='bbox 768 4029 815 4085; x_wconf 85' lang='lat' dir='ltr'><strong>bei</strong></span> <span class='ocrx_word' id='word_1_299' title='bbox 833 4029 925 4086; x_wconf 72' lang='lat' dir='ltr'><strong>elieser</strong></span> <span class='ocrx_word' id='word_1_300' title='bbox 944 4029 1137 4102; x_wconf 81' lang='lat' dir='ltr'><strong>Behauptung</strong></span> <span class='ocrx_word' id='word_1_301' title='bbox 1157 4031 1209 4084; x_wconf 81' lang='lat' dir='ltr'><strong>out</strong></span> <span class='ocrx_word' id='word_1_302' title='bbox 1229 4031 1283 4084; x_wconf 85' lang='lat' dir='ltr'><strong>deu</strong></span> <span class='ocrx_word' id='word_1_303' title='bbox 1303 4029 1355 4084; x_wconf 83' lang='lat' dir='ltr'><strong>Ge-</strong></span> 
     </span>
    </p>
   </div>
   <div class='ocr_carea' id='block_1_4' title="bbox 0 0 1466 4708">
    <p class='ocr_par' dir='ltr' id='par_1_4' title="bbox 0 0 1466 4708">
     <span class='ocr_line' id='line_1_36' title="bbox 0 0 1466 4708; baseline 0 0"><span class='ocrx_word' id='word_1_304' title='bbox 0 0 1466 4708; x_wconf 95' lang='lat' dir='ltr'><strong> </strong></span> 
     </span>
    </p>
   </div>
  </div>
 </body>
</html>
