2862 4708
320 231 403 320 1111

255 457 314 524 sibi
341 453 547 526 attraherent,
582 452 697 514 Paulus
723 432 870 534 pruelsre
897 448 1063 514 illustrarit
1089 450 1294 532 provoeuntlo
1326 453 1368 511 ed

256 561 429 650 exemploru
450 559 577 620 Christi·
619 558 683 620 llio
704 559 797 631 enirn,
822 557 970 639 neglectis
992 558 1062 618 vitm
1083 557 1244 638 perieulis,
1271 578 1368 638 parn-

257 671 391 732 tissiuaus
419 665 476 726 luit
510 664 551 726 ael
578 673 707 726 nortem
733 664 785 726 rel
812 663 1051 726 crudelissimam
1079 662 1299 734 subeundam
1344 661 1366 722 ii

258 795 347 848 reru,
370 773 423 855 qui
441 790 480 832 ne
500 769 540 832 ab
557 791 613 832 esu
634 769 769 832 earnium
790 769 821 832 eb
842 770 942 852 epulis
962 768 1162 830 idololatrieis
1191 769 1255 828 sibi
1287 777 1365 828 tern-

259 899 368 966 perare
389 865 506 940 vellent
525 878 652 940 moun
674 897 776 950 esuss,
800 877 920 958 eulpam
943 876 1151 948 sustinebant,
1184 875 1273 957 quod
1299 875 1365 934 irri-

259 995 327 1050 tun
349 985 473 1050 estem
500 983 660 1048 eonsilium
690 983 941 1054 saluberrimum,
980 1004 1040 1066 quo
1063 982 1207 1045 Christus
1230 1003 1293 1062 pro
1318 979 1363 1040 bis

261 1099 392 1160 nortem
412 1089 592 1174 oppetiisset
612 1091 647 1170 (l
669 1089 745 1154 Gor.
766 1089 801 1163 8,
825 1091 869 1152 12
891 1090 949 1153 etr.
973 1089 1144 1162 liorn.·14‚
1167 1089 1240 1169 15).

352 1197 404 1266 tt
424 1217 476 1260 ess
496 1217 561 1270 ree,
585 1217 660 1280 quea
681 1195 797 1258 Paulus
826 1215 884 1278 per
910 1215 943 1256 se
967 1203 1116 1278 speetstse
1138 1195 1244 1255 licitas
1265 1193 1294 1254 ei
1314 1193 1359 1252 in·

264 1311 410 1369 uouentes
440 1323 509 1364 esse
540 1301 696 1364 ‹leelsrsre
725 1321 788 1363 non
818 1301 968 1366 dubitarit
997 1303 1030 1384 (1
1055 1301 1130 1364 Cur.
1158 1303 1216 1373 lo,
1240 1301 1356 1362 24-27.

264 1409 358 1474 11111.
381 1409 436 1480 11,
458 1409 528 1488 14),
550 1429 569 1468 s
591 1407 701 1489 quibus
723 1427 811 1482 rere,
841 1408 963 1474 ratione
979 1407 1107 1468 eliorum
1133 1407 1254 1480 babitu,
1275 1406 1359 1468 cbri-

265 1513 370 1578 suauis
399 1513 552 1578 interdum
573 1512 784 1576 sbstinensluna
807 1535 875 1575 esse
899 1502 1048 1587 osnsuit,
1071 1514 1247 1596 pertinebat
1272 1513 1355 1572 etism
1414 1555 1415 1588 3

267 1641 337 1682 esus
357 1617 428 1688 τῶν
452 1610 702 1696 εἰδωλοθύτων,
726 1621 779 1704 qui
802 1629 888 1682 extra
911 1619 1053 1684 solennes
1077 1619 1185 1702 epulus
1216 1619 1359 1698 sseribes·
1414 1611 1415 1680 l

266 1725 314 1790 les
334 1725 557 1790 instituebatur.
605 1726 654 1788 Ex
675 1726 815 1788 esruibus
836 1727 916 1790 enirn
938 1727 1139 1799 victimarum,
1165 1747 1235 1809 quae
1256 1726 1289 1786 in
1309 1725 1358 1784 bo·
1414 1713 1415 1718 ¹

269 1855 376 1896 norem
397 1833 524 1896 deorum
542 1833 662 1896 fueraut
684 1833 857 1906 immolato,
888 1840 991 1915 portes
1013 1833 1148 1916 quedem
1174 1833 1307 1894 residue
1327 1831 1359 1890 11

270 1959 324 2000 111
348 1939 561 2020 pertinebunt,
592 1939 644 2024 qni
666 1939 800 2002 rietimas
821 1940 1008 2002 obtulerant.
1061 1940 1275 2011 Hiemem,
1303 1959 1358 2020 qun

272 2045 332 2108 sibi
351 2045 529 2117 obvenerat,
553 2051 605 2108 sut
624 2044 656 2104 in
675 2045 744 2106 soro
758 2045 929 2107 vendebant
951 2047 997 2124 (id
1018 2045 1101 2128 quod
1114 2046 1160 2112 ,sb
1181 2047 1283 2106 neuris
1298 2067 1357 2127 pau·

273 2151 458 2235 peribusque
486 2149 553 2212 lieri
582 2137 714 2230 solebat)
741 2157 793 2212 aut
817 2173 885 2213 eum
913 2152 1016 2212 nmieis
1039 2151 1273 2214 comedebant.=
1308 2153 1359 2212 Per

274 2257 431 2324 decretum
453 2255 653 2342 apostolieum
673 2257 744 2318 Aet.
769 2257 823 2332 111,
844 2259 888 2322 29
909 2257 1087 2322 Christianis
1109 2259 1233 2342 quidem
1256 2257 1359 2340 injnne·

274 2371 340 2426 torn
364 2372 429 2426 erut
451 2365 499 2442 (iel
523 2365 606 2448 quod
628 2365 733 2426 Moses
761 2363 827 2446 ipse
857 2387 875 2425 u
901 2364 1065 2447 proselytis
1093 2371 1190 2446 portae
1219 2365 1361 2447 quondan
1415 2409 1416 2422 ,

276 2473 448 2554 exegerat),
481 2477 516 2530 ut
546 2469 732 2532 abstinerent
760 2471 798 2534 sb
821 2491 876 2532 esu
899 2470 1087 2536 uictimarum
1110 2470 1177 2530 lliis
1203 2470 1360 2532 Gentilium
1415 2469 1416 2484 ¹

277 2579 492 2648 mactatarum
517 2575 573 2636 sed
594 2576 646 2658 qui
667 2577 876 2656 praestantiore
899 2597 1001 2638 rerum
1024 2592 1176 2640 saeuorum
1201 2572 1362 2658 cognitione

278 2680 507 2762 superbiebant,
539 2681 600 2742 boe
621 2683 777 2746 decretum
800 2704 907 2764 parum
928 2683 1085 2757 oursbnnt,
1111 2691 1291 2756 statuentes,
1313 2685 1364 2744 boe

279 2788 400 2862 nonnisi
421 2807 526 2850 eorum
550 2809 639 2852 enuss
660 2788 752 2848 fuisse
772 2798 923 2870 rogatum,
943 2790 1008 2872 qni,
1028 2789 1159 2871 judaieis
1181 2791 1364 2871 opinionibus

279 2893 498 2978 prueonoeptis
521 2884 652 2970 irretiti,
685 2893 847 2958 (1111111111
866 2895 946 2956 inter
965 2895 1049 2958 eibos
1070 2917 1165 2977 puros
1187 2895 1220 2958 11
1242 2897 1365 2979 impuros

282 3004 443 3066 etiamnum
465 3001 738 3085 amplecterentur3
763 3002 817 3068 bes
845 3024 919 3065 vero
950 3002 1106 3084 opiniones
1139 3001 1278 3086 indignas
1307 3023 1364 3063 esse

281 3110 452 3174 hominibus
476 3109 667 3176 Christianis.
724 3109 768 3174 Hi
796 3109 889 3193 igitur
917 3130 1037 3174 earnem
1066 3109 1310 3185 immoletioism,
1340 3113 1365 3170 in

214 3214 217 3222 ’
283 3216 419 3281 macellis
437 3217 574 3300 imisque
597 3217 734 3282 venalem
756 3216 805 3278 vel
826 3217 908 3280 domi
930 3198 1128 3280 comedebant
1144 3215 1243 3277 vel‘in
1259 3217 1364 3280 sedibus

285 3320 455 3402 gentilium,
480 3323 666 3404 adquorum
686 3322 823 3396 eoupivie
842 3322 959 3402 privetu
981 3330 1072 3404 etque
1096 3343 1164 3386 eum
1186 3307 1281 3390 sileris
1303 3324 1366 3384 nibil

286 3427 460 3492 eummereii
479 3426 619 3490 babentia
639 3428 778 3490 uecessiti
795 3427 967 3490 veniebant.
1011 3429 1083 3492 lloe
1103 3437 1177 3490 veste
1203 3433 1366 3511 gravissime

182 3551 191 3562 ‘
287 3531 458 3594 offendebat
478 3532 614 3614 inprimis
643 3553 696 3595 eos
720 3533 979 3607 Christianorum,
1010 3535 1062 3617 qui
1085 3535 1177 3595 saeris
1200 3537 1366 3600 Judaeorun

289 3637 362 3700 olim
380 3636 505 3712 addioti,
534 3660 594 3700 unu
615 3660 683 3706 eum
703 3639 787 3702 hisee
810 3640 975 3706 abominari
995 3641 1162 3726 pergebant
1186 3663 1292 3704 cernes
1311 3645 1365 3705 Diis

289 3743 406 3809 oblatus
418 3787 429 3817 ,
467 3744 579 3832 quippe
610 3745 662 3830 qui
690 3747 730 3810 ud
757 3747 910 3812 idolorum
939 3747 1054 3814 cultum
1090 3749 1241 3808 referrent
1272 3749 1365 3811 berou

188 3909 190 3916 .
290 3851 516 3918 comestionem.
569 3852 671 3930 Quum
693 3853 786 3938 igitur
810 3854 870 3936 ipsi
896 3854 934 3918 ab
963 3874 1017 3918 esu
1040 3853 1279 3936 idolothytorum
1302 3855 1365 3915 deli-

289 3967 397 4042 genter
419 3958 624 4031 abstinerent,
652 3981 736 4032 eos,
769 3959 822 4042 qui
850 3961 986 4024 uourivie
1009 3961 1165 4044 gentilium
1191 3961 1365 4022 eelebrsrent

213 4073 219 4082 “
289 4065 339 4132 rel
360 4065 481 4132 omniuo
513 4089 632 4135 cernens
662 4068 881 4140 immolaticism
910 4069 1122 4141 comederent,
1162 4068 1363 4146 hardebenus
