2862 4708
340 300 420 392 132

274 522 358 615 μήτε
377 525 636 610 ἐπλεονέκτησεν
655 515 747 610 ὑμᾶς
778 521 898 604 Τιόοςς
934 545 965 586 κ.
989 548 1021 589 ε.
1042 523 1072 589 λ.
1094 526 1116 587 2
1134 495 1212 584 Cor.
1236 527 1294 599 12,
1314 527 1364 588 16-

275 639 319 700 18
335 636 392 696 cl'r.
414 636 448 705 7,
469 631 515 713 2).’
575 631 664 691 llsue
683 615 884 711 suspicionem
904 629 1070 710 Apostolus
1088 631 1202 691 evitare
1226 631 1359 692 studebat

276 761 389 802 summa
412 737 465 798 ills
497 737 764 817 circumspectione
787 734 967 806 adhibenda,
996 757 1074 817 ·qua
1094 757 1167 795 usos
1189 743 1242 795 est
1265 737 1299 795 in
1316 736 1360 795 sti·

167 877 174 886 ·
275 847 365 927 pibus
386 843 564 924 colligendis
595 845 628 921 (l
652 842 727 902 Cor.
752 844 806 914 lb,
825 843 858 904 3.
880 840 995 901 scor.
1019 843 1054 914 8,
1080 843 1128 902 18.
1148 843 1209 924 22)

364 950 577 1012 Inconstantise
614 969 708 1030 porro
741 944 922 1027 Apostolum
956 945 1156 1018 accusabant,
1198 929 1291 1030 'cnjus
1324 947 1362 1007 rei

275 1057 478 1118 testimonium
505 1037 789 1136 svide'quserebunt
811 1072 827 1110 e
851 1049 1049 1132 promissione
1073 1051 1187 1124 Pauli,
1220 1051 1360 1113 cui'haud

276 1163 481 1233 satisfecisset,
504 1161 542 1221 de
565 1159 730 1220 Corinthiis
749 1164 820 1240 post
839 1157 1004 1242 discessum
1024 1177 1062 1216 ex
1077 1157 1207 1236 Epheso
1228 1161 1359 1220 continuo

275 1268 432 1328 adeundis.
482 1265 677 1346 Propositum
699 1265 777 1324 enim
798 1263 857 1344 ipsi
881 1264 992 1335 suerat,
1022 1269 1229 1344 quantum'ex
1245 1267 1263 1326 2
1282 1264 1350 1323 Cor.
1424 1321 1425 1334 ,

276 1375 310 1444 1,
333 1375 374 1435 15
395 1371 545 1452 conjicere
568 1391 740 1450 possumus,
762 1368 885 1450 Epheso
905 1367 1012 1436 relicta
1034 1368 1219 1430 Corinthum
1240 1367 1355 1429 adire'de

274 1476 345 1536 inde
374 1475 581 1538 Macedoniam
611 1483 737 1556 petere,
769 1473 849 1533 unde
875 1495 980 1534 rursus
1003 1474 1182 1535 Corinthum
1215 1463 1359 1535 rediturus

274 1567 367 1643 essct.
422 1581 493 1641 lloo
525 1579 683 1640 consilium
712 1579 867 1662 apostolus
903 1581 967 1640 sine
998 1580 1090 1640 dnbio
1118 1581 1307 1642 indicaverat
1333 1581 1360 1639 in
1424 1573 1425 1580 ¹

275 1685 404 1768 epistole
424 1686 463 1746 ad
488 1685 662 1748 Corinthios
685 1686 767 1760 data,
792 1706 861 1768 quse
881 1686 1027 1767 temporis
1049 1685 1159 1766 injuria
1180 1687 1304 1768 perdite
1323 1692 1364 1744 est
1417 1714 1421 1723 ·

275 1792 307 1876 (1
331 1793 406 1853 Cor.
428 1792 462 1865 5,
483 1793 539 1874 o);
564 1795 645 1877 (nam
665 1793 697 1852 in
719 1792 827 1874 priori,
841 1811 915 1872 yqoae
934 1791 1022 1851 nobis
1043 1799 1195 1853 asservata
1222 1799 1283 1863 est,
1306 1791 1363 1871 epi·
1416 1796 1425 1872 l

163 1917 167 1922 ·
276 1897 355 1958 stole
377 1897 414 1958 ad
437 1897 611 1958 Corinthios
632 1897 747 1958 Paulus
771 1898 882 1958 diserte
907 1897 1055 1970 declarat,'
1085 1919 1205 1980 seper
1223 1897 1362 1958 Macedo·
1424 1891 1425 1916 ¹

261 2003 354 2062 'niem
374 2003 457 2083 prius
481 2023 547 2064 csso
568 2003 786 2084 prosectarum,
809 2025 897 2084 φιιιιιι
918 2002 1097 2063 Corinthum
1121 2003 1226 2076 adeat,
1255 2003 1361 2066 lCor.

276 2109 329 2180 lo,
352 2108 386 2172 b.
411 2107 458 2190 6).
506 2109 618 2168 Postea
642 2128 715 2169 vero
739 2107 852 2169 Paulos
877 2107 1035 2168 consilium
1057 2106 1147 2188 hujus
1177 2109 1300 2171 itineris
1327 2109 1363 2166 ita

273 2214 420 2286 mutavit,
451 2220 485 2274 ut
505 2213 588 2295 prius
611 2199 819 2276 Macedoniam
842 2221 1038 2296 peragraret,
1073 2235 1162 2295 quam
1185 2213 1363 2290 Corinthum

274 2320 392 2382 'veniret
409 2319 493 2398 (ner.
509 2321 563 2392 20,
586 2323 632 2398 1).
681 2319 757 2382 Nam
774 2343 865 2404 quum
881 2320 993 2380 certior
1012 2320 1108 2379 factus
1131 2326 1214 2378 esset
1239 2319 1279 2378 de
1301 2339 1362 2400 per·

275 2423 395 2482 turbate
413 2423 548 2484 ecclesie
568 2423 765 2488 Corinthiacae
788 2423 973 2498 conditione,
998 2424 1173 2512 Corinthios
1196 2444 1262 2483 non
1283 2432 1364 2484 antes

273 2527 357 2587 edire
381 2526 535 2599 decrerit,
585 2551 673 2610 quam
702 2551 759 2611 per
787 2531 890 2592 literas
920 2551 973 2590 eos
1002 2530 1041 2589 ad
1071 2529 1231 2590 meliorem
1253 2531 1364 2612 frugem

273 2632 421 2696 reducere
447 2639 570 2692 conatus
592 2641 691 2707 esset,
723 2657 761 2696 ne
790 2637 948 2718 presentia
975 2657 1029 2694 sus
1052 2635 1148 2694 miuus
1179 2642 1268 2716 grata
1289 2637 1364 2695 foret

274 2738 315 2800 oh
335 2737 577 2820 increpationes,
610 2739 719 2818 quibus
743 2762 804 2801 non
832 2761 955 2823 carpere
986 2761 1049 2800 non
1071 2735 1177 2821 posset
1199 2747 1363 2822 preposte-

274 2833 339 2906 ram
359 2843 522 2904 multorum
544 2843 768 2904 Corinthiorum
789 2847 897 2927 agendi
925 2847 1072 2906 rationem
1094 2848 1131 2922 (2
1154 2845 1235 2906 Cor.
1258 2849 1291 2920 1,
1313 2847 1363 2908 22

272 2951 342 3029 24).
386 2951 449 3012 Suo
465 2949 536 3031 jore
557 2951 648 3032 igitur
664 2951 829 3032 Apostolus
846 2951 953 3013 2Cor.
974 2940 1229 3032 1,“17οιιειι·οιε
1248 2953 1362 3034 potuita

278 3055 388 3132 Τοῦτο
409 3049 451 3122 ιῖν
472 3046 742 3141 βουλευόμενος,
782 3048 865 3142 μήτε
890 3053 955 3140 ἄρα
980 3056 1024 3144 τῇ
1047 3056 1191 3141 &ioppen
1224 3049 1366 3144 ἐχρησά-

220 3212 224 3244 4
273 3161 344 3244 μην
352 3187 364 3241 3
405 3162 521 3242 (”Νιιοι
549 3163 652 3241 igitur,
684 3183 776 3243 quum
803 3161 863 3222 hoc
888 3162 1018 3250 vellem,
1062 3162 1119 3220 illa
1139 3162 1366 3235 inconstantia,

274 3285 362 3344 qnam
375 3267 448 3326 mihi
462 3265 636 3342 attribuitis,
658 3288 729 3326 usos
748 3266 862 3326 sum't’‘
884 3266 1052 3350 Billrotle).
1096 3266 1215 3328 Verum
1238 3270 1265 3328 si
1280 3271 1366 3330 etiam

273 3371 472 3444 concederet,
505 3391 537 3430 se
558 3371 614 3430 hnc
646 3371 677 3431 iu
703 3393 737 3431 re
770 3371 837 3448 (ob
851 3370 949 3451 justes
984 3371 1106 3452 quidem
1135 3378 1256 3452 causas)
1289 3375 1367 3434 hand

236 3508 239 3515 -
274 3472 332 3532 sibi
360 3476 548 3548 constitisse,
586 3477 657 3536 inde
685 3497 746 3536 non
763 3475 904 3536 concludi
923 3497 1014 3558 posse
1031 3477 1149 3551 docuit,
1172 3501 1206 3538 se
1227 3481 1261 3539 in
1281 3502 1367 3541 evan·

273 3577 353 3658 pelio
383 3579 530 3664 trudendo
554 3602 615 3641 non
645 3603 765 3662 semper
793 3603 882 3642 uuam
896 3593 898 3598 ’
912 3581 1097 3664 eandemque
1130 3585 1296 3646 veritatem
1318 3607 1367 3644 an-

272 3684 423 3746 nuntiasse
435 3678 485 3762 ¹);
508 3684 597 3764 hujus
620 3689 698 3748 enim
717 3685 764 3746 rei
784 3685 995 3747 documentum
1010 3687 1289 3750 luculentissimum
1300 3712 1367 3752 oon·

291 3941 323 4008 1)
342 3935 389 3996 Ἐν
408 3935 459 4012 yde
477 3935 517 4012 τῷ
533 3935 685 4012 κηρῦγματί,
703 3929 783 4010 paor:
795 3938 874 3995 reiro
894 3937 938 3995 ουίι
955 3939 1065 4011 ἐγένετο,
1088 3909 1160 3997 m·
1174 3942 1204 3998 ἓν
1220 3945 1282 4000 ταῖς
1299 3939 1367 3999 sidon

339 4039 384 4086 καὶ
400 4035 458 4086 ταῖς
476 4026 636 4100 ἀποδημίαις
658 4029 748 4099 μόνον’
773 4029 801 4084 ἐν
817 4029 846 4086 δὲ
867 4053 907 4099 τῳ
927 4029 1077 4105 κηρῦγμοιτι
1101 4039 1179 4106 μένει
1197 4041 1299 4108 βέβαιοι
1325 4042 1364 4090 snt

338 4131 446 4196 οιιΙνητοι
464 4116 532 4197 ἅπερ
550 4117 699 4193 ιῖρηκομιν.
737 4119 918 4188 Chrysostorn.
933 4125 975 4178 ud
993 4125 1022 4178 h.
1042 4126 1089 4178 l.‘
1162 4187 1165 4190 ¹
