2864 4712
339 253 369 346 2

784 477 860 562 tl·

337 602 342 616 ·
369 587 405 650 Si
424 587 456 650 in
477 584 624 647 rationem
644 581 728 662 fidei,
761 605 821 667 qua
840 584 981 666 Apostoli
1001 585 1080 648 Jesu
1108 595 1179 668 post
1201 586 1373 651 discessum

278 694 441 758 servatoris
464 690 655 774 gaudebant,
689 692 857 751 accuratius
876 689 1071 773 inquirimus,
1105 693 1170 754 boec
1197 695 1261 754 iere
1283 705 1373 771 sunt,

278 821 345 884 qum
376 799 414 859 de
443 796 639 880 persuasione
669 795 700 858 sb
726 798 1000 878 exspectationibus
1024 819 1129 859 eorum
1150 799 1301 880 religiosis
1332 823 1373 863 ex

276 907 338 968 illis
359 903 569 980 monumentis,
610 921 675 984 qrae
693 903 781 962 nobis
802 910 914 983 praesto
936 911 1018 977 sunt,
1043 925 1149 965 eruere
1170 903 1255 966 lieet.
1305 907 1373 970 Per

278 1012 447 1073 doctrinam
468 1011 559 1082 Jesu,
583 1029 640 1090 par
660 1009 737 1068 lacta
760 1006 825 1087 ejus
848 1009 1040 1082 miraculosa,
1059 1007 1117 1092 per
1130 1011 1282 1092 prodigia,
1302 1015 1370 1096 qni·
1402 1017 1405 1036 “

276 1120 334 1180 bus
358 1118 458 1178 divina
478 1116 543 1198 ejus
566 1113 678 1196 lcqatio
702 1115 896 1196 comprobata
916 1115 994 1188 luit,
1029 1115 1165 1198 inprimis
1188 1138 1246 1198 per
1265 1137 1364 1178 resur·
1390 1099 1393 1107 Δ

257 1209 441 1285 xrectionem
473 1219 580 1302 ejuse
609 1225 706 1280 morte
736 1219 867 1302 apostoli
893 1221 971 1281 «lesu
1002 1221 1041 1281 ad
1070 1223 1266 1282 certissimam
1296 1244 1362 1306 per·

271 1329 445 1390 suasionem
474 1324 596 1386 adducti
627 1311 732 1398 crant,
772 1326 880 1390 Jesum
910 1347 976 1387 esse
997 1325 1083 1387 illum
1105 1329 1268 1402 Messinm,
1310 1351 1366 1412 per

276 1457 367 1518 quem
386 1432 497 1505 omnia,
520 1452 586 1514 quse
608 1431 904 1513 prophetae'Vetcris
926 1429 1113 1494 Testamenti
1136 1435 1174 1494 de
1196 1443 1302 1495 autore
1323 1437 1367 1496 t'e·

240 1573 247 1582 ·
275 1541 397 1604 licitatie
426 1557 550 1601 summas
577 1538 723 1600 Israelitis
744 1537 860 1619 totique
884 1539 989 1619 generi
1010 1539 1139 1600 humano
1165 1541 1238 1602 olim
1257 1541 1369 1604 future

274 1643 427 1708 vaticinati
446 1652 568 1718 essent,
610 1643 661 1706 vel
686 1643 750 1725 jam
780 1653 890 1706 eventu
913 1647 1107 1727 comprobate
1130 1647 1180 1708 vel
1207 1656 1288 1710 certe
1311 1670 1370 1710 ex-

274 1753 387 1834 plenda
415 1759 528 1812 essent.
586 1751 689 1828 Quum
712 1750 825 1831 reliqui
845 1726 946 1812 Jubaei
973 1753 1081 1814 Jesnm
1102 1753 1245 1816 Messinm
1272 1775 1369 1838 repu·
1421 1783 1422 1840 t

210 1850 213 1856 ’
274 1859 413 1932 diarent,
451 1857 534 1940 quod
564 1857 839 1938 exspectationibus
867 1857 1003 1938 ipsorum
1030 1859 1068 1920 de
1102 1862 1239 1920 terrestri
1269 1884 1367 1946 regno

272 1963 426 2028 Messinno
444 1983 506 2024 non
527 1964 733 2034 satisfecisset,
757 1960 898 2043 discipuli
918 1962 997 2026 Jcsu
1017 1966 1114 2048 probe
1134 1965 1364 2042 intellexeruut,

273 2070 401 2132 salutem
428 2089 485 2150 per
502 2069 611 2133 Jesnm
631 2067 801 2130 bominibus
833 2067 965 2130 oblatam
990 2070 1081 2152 lonqe
1110 2071 1169 2132 alia
1196 2073 1364 2157 eademque

271 2175 481 2259 praestantiora
500 2176 580 2238 bona
603 2172 776 2255 complecti.
823 2173 917 2252 Quod
937 2183 1036 2236 tamen
1058 2178 1183 2240 nonita
1208 2185 1255 2238 est
1275 2179 1365 2241 intel-

200 2332 206 2351 .
271 2283 438 2364 ligandum,
472 2281 507 2348 ac
531 2281 557 2342 si
570 2279 710 2362 apostoli
733 2276 810 2340 «lesu
834 2279 865 2344 sb
886 2281 938 2364 qui
959 2303 1027 2342 curn
1047 2279 1084 2342 iis
1105 2284 1206 2364 primo
1225 2291 1366 2367 tempore

270 2410 382 2452 nomen
403 2388 526 2450 Christo
546 2388 707 2458 dederunt,
742 2407 846 2448 omues
870 2389 1109 2468 exspectationes
1131 2389 1170 2448 dc
1194 2391 1291 2452 flatura
1316 2393 1365 2452 fe-

270 2495 385 2556 licitate
417 2502 542 2556 externa
569 2493 674 2562 missas
701 2491 845 2552 iecissent
866 2500 1020 2576 totamque
1045 2493 1106 2556 vim
1129 2493 1161 2556 u
1182 2502 1366 2577 potestatem

269 2600 506 2672 beneficiorum,
544 2618 610 2680 quse
632 2619 690 2680 per
713 2595 868 2662 Christum
890 2607 976 2681 parta
999 2608 1120 2674 essent,
1152 2602 1191 2660 ad
1212 2602 1362 2664 internum

270 2706 360 2768 animi
383 2711 493 2766 statum
521 2711 727 2766 revocassent.
782 2703 901 2781 Ιιιιιιιο,
936 2707 995 2787 ipsi
1026 2706 1158 2788 apostoli
1180 2705 1363 2788 legationem

273 2811 389 2875 Christi
409 2810 542 2872 nondum
560 2829 617 2890 per
638 2811 856 2891 apparitionem
873 2809 939 2894 ejus
962 2819 1151 2884 terrestrem,
1174 2812 1205 2872 in
1225 2835 1286 2894 qua
1306 2815 1362 2874 bu·

269 2917 335 2978 mili
356 2915 528 2980 conditione
551 2935 624 2977 usus
646 2917 717 2979 odio
741 2918 980 2990 adversariorum
1004 2917 1225 2992 succubuisset,
1249 2920 1360 2982 linitam

268 3009 497 3114 absolutamque
510 3059 512 3062 ·
526 3043 593 3087 esse
617 3008 800 3111 credebant;
836 3044 940 3096 verum
963 3025 1191 3106 exspectabant,
1215 3025 1295 3100 fore,
1326 3035 1365 3094 ut

267 3133 361 3198 Jcsns
383 3131 522 3192 Christus
555 3149 616 3192 non
639 3111 803 3192 tumulto
833 3136 904 3210 post
924 3128 1016 3212 plena
1044 3130 1188 3211 dignitate
1208 3133 1365 3197 Messiana

268 3237 448 3316 conspicuus
470 3235 622 3325 rediturus
647 3241 729 3308 esset
758 3235 798 3298 ad
821 3231 968 3317 judicium
999 3237 1039 3298 de
1075 3241 1140 3297 toto
1169 3258 1279 3318 qenes-e
1300 3239 1364 3300 hn-

268 3361 355 3402 mano
379 3339 564 3412 babendum,
588 3359 648 3422 qno
667 3342 747 3402 lacto
770 3362 896 3422 regnum
919 3331 1094 3403 conditurus
1118 3351 1212 3417 essct,
1243 3345 1275 3406 in
1297 3367 1364 3428 quo
1419 3381 1420 3386 ι

261 3443 311 3527 ‘pii
332 3444 393 3506 Ilei
416 3443 590 3526 Christique
624 3445 758 3508 cultores
786 3449 915 3526 praemiis
939 3447 1191 3528 praestantissimis
1215 3470 1363 3514 ornaren-

265 3561 328 3623 tur,
351 3549 502 3642 incrednli
522 3568 595 3610 vero
617 3549 648 3612 sb
670 3550 754 3630 impii
773 3554 880 3632 poenis
898 3552 1005 3616 divinis
1026 3552 1226 3626 afficerentur.
1272 3556 1361 3640 (set.
1419 3545 1420 3580 ³

267 3661 301 3732 1,
325 3659 358 3720 o.
380 3657 415 3729 a,
436 3657 490 3720 so.
514 3657 568 3728 ιτ,
586 3657 641 3720 s1.
664 3658 683 3720 1
705 3655 813 3719 Thess.
831 3659 865 3732 4,
891 3659 942 3724 15.
971 3657 1041 3723 aaa.
1055 3658 1092 3732 s,
1112 3662 1135 3726 τ
1156 3648 1226 3744 sqq.
1250 3661 1357 3726 leet.

268 3765 303 3838 4,
320 3765 353 3826 7.
376 3763 395 3824 1
411 3761 485 3830 Joh.
504 3764 539 3836 2,
561 3763 602 3824 18
618 3783 666 3844 sq.
687 3761 764 3826 Jud.
783 3766 836 3826 18.
857 3765 925 3845 21).
971 3762 1118 3831 aunuen-
1131 3773 1246 3848 praeter
1267 3767 1358 3830 tidem

266 3869 298 3930 in
315 3871 393 3934 «lesu
408 3868 520 3933 Moesia
544 3867 735 3940 collocatam,
759 3869 892 3931 cultures
915 3867 980 3951 ojns
998 3891 1059 3942 non
1082 3893 1119 3932 eo
1140 3871 1239 3934 solum
1262 3895 1282 3934 a
1303 3897 1362 3957 po·
1419 3953 1420 3968 χ

265 3975 420 4057 palaribus
443 3970 658 4048 discedebant,
689 3973 771 4056 quod
797 3995 902 4055 spem,
936 3998 1024 4058 quarn
1045 3985 1132 4054 antea
1153 3999 1286 4046 unacum
1313 3981 1365 4042 his

265 4081 297 4142 in
318 4081 449 4144 adventu
469 4081 589 4145 Messias
610 4081 844 4155 collocaverant,
867 4081 905 4144 ad
927 4083 1056 4148 reditum
1073 4082 1138 4163 ejas
1155 4083 1366 4160 differebaut3
