2862 4708
982 249 1091 386 'rer

158 517 237 584 Alii
250 517 328 581 lnane
358 519 587 581 resurrectionis
617 518 865 581 detrectationem
894 518 1008 600 majore
1034 521 1155 604 quidem

59 620 134 704 jure
155 623 195 683 ad
217 622 551 686 Effice-Christianos
574 624 755 696 referebant.
808 625 880 686 Hoc
905 626 985 686 euim
1010 626 1156 689 Christis·

63 749 176 790 norum
204 751 298 810 genus
329 729 447 791 facilius
476 732 623 790 contutari
657 735 764 810 posset
798 731 980 809 argumentis
1010 753 1029 791 a
1056 731 1155 792 Paulo

61 834 216 895 hocloco
235 835 352 896 allatise
378 837 594 916 argumentatio
609 835 676 908 illa,
698 833 789 894 fidem
809 833 841 892 in
858 831 1014 895 Christum
1032 836 1155 897 omniuo

62 939 136 1000 tolli
159 939 276 1001 sublata
308 942 503 1021 persuasione
534 941 572 1000 de
593 945 781 1002 mortuorum
802 940 1045 1013 resurrectione,
1078 941 1155 1004 vivi-

62 1045 135 1104 dius
158 1045 223 1104 sine
243 1031 335 1106 dubio
357 1053 388 1106 et
407 1046 515 1106 fortius
532 1043 683 1124 plecteret
698 1043 1044 1118 lidrico-Christianos,
1066 1067 1156 1128 quarn

62 1148 275 1222 Judaiuantcs,
288 1127 357 1232 'qui
371 1171 448 1211 vana
467 1149 638 1228 arrogantia
659 1149 743 1208 ducti
764 1168 884 1228 semper
903 1149 1079 1228 praesidinm
1098 1150 1158 1210 sibi

61 1253 191 1337 aliquod
211 1275 371 1334 superesse
388 1253 597 1334 amplectenda
618 1253 776 1334 disciplina
791 1253 925 1316 Moesica
941 1252 1066 1312 credere
1085 1245 1163 1334 pos·v

62 1367 144 1419 sent.
204 1343 392 1440 Exspectare
420 1359 550 1431 licebat,
578 1357 927 1419 ilduino-Christianos
945 1358 1155 1444 presertime

62 1471 157 1543 gente
179 1484 279 1543 graeca
299 1472 384 1526 ortos
408 1463 557 1545 ejusmodi
579 1463 762 1546 argumentis
790 1461 941 1523 faciliores
970 1462 1154 1544 praebituros

137 1640 204 1710 gine
221 1639 338 1692 illorum
355 1643 502 1696 hominum
521 1660 537 1694 e
555 1643 713 1696 Sndducaeis
730 1644 884 1712 repetenda
901 1643 978 1696 hunc
996 1643 1025 1696 in
1039 1645 1155 1700 modum

135 1721 382 1800 impugnata'esta
409 1735 494 1784 Haud
514 1732 600 1782 facile
618 1759 653 1772 ·-
671 1732 751 1797 aiunt
768 1758 801 1774 -
820 1733 964 1786 historicis
982 1735 1158 1802 argumentis

137 1821 318 1890 comprobari
335 1827 436 1891 potest,
460 1823 625 1874 Sadducaeos
644 1838 769 1890 unquam
785 1821 821 1873 ed
838 1837 920 1874 sacre
937 1823 1092 1878 christiana
1108 1842 1157 1878 ao·

140 1913 270 1978 cessisse3
296 1914 359 1978 jam
385 1912 447 1982 ipse
473 1913 547 1966 rntio
572 1913 657 1978 hujus
683 1917 762 1966 secto
777 1911 898 1978 judaica
917 1917 1120 1968 totumealum
1139 1931 1157 1968 s

62 2023 63 2026 ¹
136 2004 287 2073 disciplina
306 2003 468 2057 Christiana
487 2004 627 2068 distabat3
663 2021 715 2074 per
741 2005 854 2070 sejam
879 2004 1158 2076 dittieileertcogi-

137 2102 211 2162 tare,
229 2096 368 2164 quomodo
386 2093 525 2159 homines,
555 2095 602 2164 qui
620 2095 716 2148 omniu
736 2097 772 2148 sd
792 2097 868 2149 hano
887 2101 1050 2150 terrestrem
1066 2097 1158 2152 ritem

135 2187 295 2252 referrent,
320 2185 423 2238 adduci
440 2193 554 2255 possent
578 2188 613 2240 ad
630 2187 801 2257 religionem
822 2188 1066 2257 amplectendam,
1096 2207 1157 2259 qur

136 2279 236 2333 omnia
251 2278 287 2330 ad
305 2276 426 2330 celestia
446 2276 471 2330 ὃ(
490 2277 581 2330 futuri
607 2277 659 2330 evi
684 2279 760 2332 bona
783 2279 947 2334 revocabat.
994 2279 1026 2332 Si
1048 2281 1109 2346 jam
1126 2281 1157 2336 in
1186 2347 1188 2352 Ι

137 2369 249 2441 patris,
274 2368 324 2420 nbi
341 2367 444 2437 opibus
463 2366 487 2420 dr
506 2369 658 2422 autoritate
683 2370 848 2440 pollebant,
875 2370 953 2423 heud
977 2367 1065 2424 facile
1088 2388 1106 2424 a
1126 2389 1158 2424 se

136 2461 292 2530 impetrare
317 2465 466 2530 poterant,
492 2465 524 2512 ut
548 2455 726 2528 placiturus
751 2461 913 2532 dogmatica
930 2467 1089 2516 constanter
1107 2464 1157 2516 de·

136 2553 295 2616 tenderent,
314 2567 401 2620 quum
419 2549 579 2620 periculum
596 2551 724 2618 instaret,
741 2570 777 2606 ne
797 2570 895 2606 eorum
913 2569 999 2606 crure
1013 2554 1158 2620 jacturam

136 2645 266 2718 iacerent
299 2659 386 2712 opum
409 2640 435 2695 dt
463 2643 605 2696 honorum
631 2644 758 2713 (Joreplr.
785 2646 861 2700 Ante.
888 2645 996 2710 xvtn,
1022 2646 1064 2713 1),
1089 2647 1157 2716 quid

121 2736 252 2790 .tundern
270 2750 318 2788 eos
338 2750 518 2788 commovere
535 2740 638 2805 posset,
665 2742 696 2790 ut
713 2736 787 2789 inter
808 2736 972 2806 peregrinus
990 2738 1157 2791 oberrantes

136 2827 297 2897 proselytos
313 2833 468 2895 quererent
485 2827 607 2880 maximo
626 2840 692 2879 cum
712 2827 841 2896 periculo
861 2827 924 2880 vitae
942 2826 967 2880 ἃ
986 2845 1073 2895 opum
1090 2845 1157 2880 rua-

136 2916 226 2972 ruru't
254 2917 309 2970 llis
326 2917 488 2970 hominibus
506 2917 561 2970 ribi
578 2933 679 2986 regere
696 2917 868 2978 sufficiebat,
885 2915 1077 2982 ignorantiam
1095 2918 1158 2984 ple·

136 3010 181 3064 bis
206 3008 309 3078 uarum
333 3007 498 3059 curantibus
523 3008 565 3071 (a.
585 3006 715 3058 Neuroder
736 3007 757 3058 l.
780 3024 804 3058 e.
822 3004 904 3069 Not.)
928 3004 1022 3058 Dubia
1047 3021 1158 3074 quoque

136 3101 251 3171 prolato
276 3103 342 3151 sunt
361 3096 472 3163 (Ueteri
492 3095 573 3147 Paul.
593 3095 690 3148 letari.
709 3113 738 3165 p.
762 3095 822 3150 eut.
851 3095 972 3147 Bittretlr
999 3097 1108 3150 Corum.
1135 3099 1156 3152 1.

138 3209 166 3261 p.
185 3188 252 3256 208)
271 3203 307 3240 sn
325 3202 451 3256 unquam
469 3185 691 3240 Sadducaismus
710 3193 789 3241 extra
810 3188 880 3240 dnos
898 3187 1053 3242 Palestinae
1070 3189 1160 3244 tuerit

138 3284 323 3350 propagatus.
345 3305 381 3315 —
398 3277 455 3330 Sed
473 3285 571 3331 contre
590 3279 649 3330 heo
668 3278 762 3330 omnia
777 3295 893 3332 monere
907 3275 998 3344 juvet,
1021 3297 1080 3348 quse
1098 3279 1158 3351 ipse
1222 3311 1225 3317 ·

139 3345 271 3422 Neunder
296 3369 354 3424 ulio
374 3371 438 3424 loco
459 3371 569 3424 monuit
589 3371 648 3438 (Gi.
667 3369 703 3440 pr
715 3369 769 3424 375
786 3370 876 3435 Not),
902 3377 1071 3438 argumenta
1090 3391 1157 3426 oon-

139 3464 295 3524 iututnrus‚
313 3459 415 3529 quibus
432 3469 569 3530 negatum
586 3461 688 3525 tuerit,
718 3461 954 3530 pseudodoctores
980 3461 1158 3520 Colosseures

138 3554 227 3608 tuisse
244 3555 380 3606 Essenosa
414 3551 596 3622 ’'Allerdings
621 3554 697 3606 ksnn
724 3569 817 3622 gegeu
843 3550 919 3606 disse
936 3551 1085 3606 dnnahme
1108 3557 1158 3608 der

140 3645 241 3700 Grund
259 3645 333 3698 noch
351 3643 429 3697 nicht
440 3643 618 3698 enuchicden
636 3661 715 3714 scyn,
730 3645 794 3698 dass
809 3643 854 3696 die
865 3644 985 3696 Essener
1000 3644 1060 3698 sielr
1079 3645 1159 3700 nicht

139 3737 307 3792 sosserhelb
325 3734 494 3790 Palistinn's
510 3735 699 3788 verhreiteten
718 3736 774 3788 uod
793 3734 894 3794 leinen
911 3735 1001 3790 Trieb
1018 3739 1069 3792 der
1085 3739 1158 3790 Pro-

138 3827 393 3899 selytennruchcrei
416 3828 534 3889 hatten;
567 3827 640 3881 deno
667 3844 696 3880 es
720 3827 824 3881 liunte
848 3827 881 3894 ja
900 3827 991 3880 durch
1016 3829 1069 3880 den
1087 3827 1159 3879 Ein-

71 3969 74 3975 ,
139 3922 208 3987 flurs
238 3922 286 3974 des
304 3918 539 3974 .Chrirtenthunns
566 3919 617 3972 der
635 3919 861 3990 urspringlielre
889 3917 1048 3972 Ghsralter
1079 3916 1159 3967 einer

137 4011 255 4069 solclren
274 4011 359 4064 Solle
377 4016 463 4064 etwas
489 3991 586 4076 (sehr)
599 4010 750 4066 verindert
768 3986 886 4070 verdeti
906 4005 1003 4077 seyn.’'
1038 4004 1158 4061 ,Mutato

140 4101 263 4168 nornine,
292 4101 367 4160 idern
387 4103 422 4156 de
436 4099 600 4170 ¹sadduceis
615 4101 702 4156 salet.
721 4091 724 4098 ²
828 4161 832 4165 ,
851 4107 860 4179 j
