2864 4712
88 542 189 585 veruna
211 519 302 584 etiarn
327 517 411 603 qood
433 515 646 592 conditionem,
676 516 758 578 aude
780 517 966 579 consortium
985 525 1116 602 operette
1137 520 1175 582 il'·

87 629 144 693 lios
166 627 321 692 felicitatis
344 625 549 708 dependeret,
589 623 683 706 longe
712 623 802 684 aliter
830 623 929 683 animo
952 626 1176 708 concipiebant,

88 758 175 820 qnam
197 741 299 806 antea,
324 752 413 815 quum
433 731 566 804 easdem,
602 752 676 813 quas
702 729 814 814 reliqui
833 729 952 804 Jndaei,
975 733 1176 814 exspectatio·

85 860 140 902 nos
157 839 322 902 Messianas
344 839 494 900 foverent.
550 837 620 898 Hac
649 835 681 898 in
711 857 746 898 re
771 835 980 918 gravissimum
1001 838 1176 919 ponendum

89 953 136 1006 est
156 945 313 1008 discrimen
332 943 412 1004 inter
433 941 573 1017 Judaeos,
608 943 661 1026 qni
679 943 771 1004 tidem
795 941 919 1004 Christo
941 939 1106 1016 hebebant,
1129 949 1175 1004 at·

90 1073 146 1135 que
157 1073 227 1126 eor,
242 1053 304 1135 ¹qni
324 1051 416 1112 fidem
431 1049 460 1112 ei
476 1047 685 1132 denegabant3
710 1049 767 1110 sed
788 1048 860 1109 hinc
882 1069 987 1109 rursus
1008 1047 1091 1110 alind
1114 1049 1177 1110 dis·

86 1159 197 1220 crimen
217 1179 279 1219 non
298 1163 419 1239 poterat
436 1177 498 1217 nou
521 1155 607 1229 oriri,
640 1155 724 1240 qnod
743 1155 839 1238 ipsam
860 1161 1007 1216 murram
1024 1154 1176 1216 felicitatis

84 1249 169 1346 regni
187 1261 333 1330 Messiani
355 1263 523 1346 spectabat.
566 1259 644 1326 Nam
667 1283 759 1344 quum
771 1261 872 1324 dndaei
897 1259 1071 1322 felicitatem
1091 1260 1178 1344 requi

84 1369 228 1435 Messiani
256 1370 314 1430 sihi
341 1375 506 1452 propterea
533 1367 724 1430 tribuendam
745 1389 812 1430 esse
836 1366 1054 1450 opinarentur,
1093 1367 1178 1452 qnod

85 1475 228 1562 lsratlitsc
252 1481 365 1548 essent,
390 1475 473 1557 quod
495 1473 611 1556 posteri
633 1481 736 1536 essent
757 1473 934 1548 Abrahami,
957 1472 1089 1556 populus
1106 1471 1176 1536 lieu

86 1590 212 1666 propter
242 1579 430 1662 disciplinam
450 1579 616 1642 Mosaicem
646 1601 710 1664 prae
741 1579 808 1642 aliia
834 1587 937 1664 gratus
970 1587 1002 1641 et
1032 1587 1176 1664 acceptus

88 1687 211 1766 (matth.
239 1690 275 1759 8,
294 1689 328 1748 9.
359 1685 436 1747 tot.
459 1689 492 1757 8,
514 1687 568 1748 88.
600 1685 693 1749 Rom.
714 1687 748 1757 2,
780 1686 826 1751 211
849 1707 918 1770 sqq.
946 1687 981 1760 9,
1001 1684 1051 1770 7),
1083 1707 1177 1770 quum

89 1791 166 1854 hanc
188 1790 363 1851 felicitatem
385 1789 548 1870 majoribus
571 1789 644 1852 olim
665 1791 845 1872 promissam
864 1799 1004 1875 tanquam
1022 1791 1092 1875 jure
1117 1791 1177 1856 rilrl

88 1897 221 1958 debitam
243 1900 467 1977 exspectarent,
491 1895 622 1976 apostoli
641 1895 733 1972 Jesu,
758 1895 859 1959 divino
881 1897 1023 1980 magistro
1055 1905 1175 1973 autore,
1269 1911 1276 1938 ¹

86 2001 290 2084 pravissimam
315 1999 399 2061 illam
428 2009 650 2082 perspexerant
678 2003 854 2066 veritatemr
898 2004 1023 2087 qratiam
1046 2003 1177 2067 divisam

85 2108 330 2188 consortiumque
354 2105 505 2166 felicitatis
535 2106 676 2169 divinitus
707 2109 864 2192 promisere
894 2109 1015 2172 minime
1029 2109 1176 2174 .ulrtineri

51 2243 57 2250 ¹
84 2235 176 2298 porse
199 2233 256 2295 per
278 2212 371 2272 ollam
392 2211 620 2295 prerogativam
641 2222 816 2290 externam,
839 2215 1010 2298 peculiam
1032 2214 1176 2278 observa·

83 2321 199 2382 tionem
221 2320 334 2380 rituum
354 2339 528 2392 sacrorum,
558 2339 615 2402 per
632 2320 710 2382 ullas
732 2321 862 2406 deniqne
883 2322 1018 2383 actiones
1040 2321 1176 2404 quamvis

81 2425 367 2510 prestantissimae,
406 2423 433 2485 si
456 2425 576 2486 deesset
597 2425 715 2488 interna
736 2427 827 2489 animi
850 2426 1122 2510 pietasmodestioe
1144 2425 1177 2491 tia

85 2529 281 2594 submissioni
298 2527 415 2610 juncta,
436 2551 502 2613 quse
523 2530 589 2592 sola
609 2525 761 2594 hominem
778 2533 1026 2618 Ileoprolsatum
1045 2533 1176 2596 reddere
1201 2521 1207 2532 ¹

79 2637 222 2709 valeret,
243 2635 277 2696 id
297 2635 375 2696 euim
396 2656 453 2718 per
472 2635 570 2698 tot'nna
591 2643 723 2722 tempos,
756 2661 817 2723 qno
836 2639 869 2700 in
889 2637 947 2700 lrac
970 2646 1051 2700 terra
1073 2661 1175 2702 versa·

79 2746 186 2816 batur,
221 2742 314 2803 «lesus
337 2741 474 2804 Christus
498 2744 650 2826 prescipue
674 2754 798 2828 egerat,
831 2753 867 2809 ut
891 2745 1069 2808 hominess
1099 2767 1176 2809 vona

80 2849 227 2931 opinione
249 2847 287 2908 de
310 2850 408 2930 pretio
429 2849 570 2918 absoluto
592 2859 724 2913 exterum
743 2853 864 2934 pietatis
877 2853 1041 2914 'abduceret
1061 2875 1175 2936 eosque

80 2955 222 3027 deceret,
248 2974 366 3016 omnem
384 2935 578 3018 externarum¹
596 2957 747 3019 actionum
761 2958 821 3022 rim
842 2958 873 3021 ds
888 2965 1083 3040 potestatem,
1105 2959 1176 3050 lieu
1238 2989 1240 2995 ·

78 3059 207 3142 judice,
242 3081 281 3122 ex
303 3059 354 3142 pia
378 3061 409 3123 de
429 3062 547 3122 sincera
571 3064 661 3123 animi
681 3063 815 3144 pendere
836 3062 962 3134 indole,
997 3061 1079 3120 unde
1102 3080 1175 3141 pro-

80 3168 173 3230 sectae
194 3174 303 3227 essent.
354 3165 479 3242 (Matth.
500 3165 535 3238 ὅ,
557 3167 611 3226 20.
636 3168 690 3251 22.
711 3165 766 3227 25.
791 3165 833 3226 28
854 3185 923 3247 sqq.
947 3167 982 3235 o,
1004 3167 1022 3228 1
1047 3187 1116 3250 sqq.
1138 3169 1173 3243 ’1,

79 3275 139 3338 21.
163 3275 198 3354 9,
221 3275 274 3336 12.
288 3273 343 3343 12,
362 3270 395 3332 ’7.
409 3269 463 3342 lt,
485 3271 654 3352 lsqqao,
675 3272 694 3333 1
714 3290 782 3353 sqq.
797 3269 895 3332 225.
909 3292 978 3355 sqq.
1001 3271 1058 3356 al).
1110 3272 1173 3336 Va·

79 3373 152 3443 rum
175 3401 267 3462 quum
287 3397 409 3449 munus,
431 3375 514 3458 qnod
535 3374 613 3436 Jesu
631 3375 755 3438 Glrristo
777 3377 881 3440 alico
901 3387 988 3463 patre
1012 3380 1172 3442 demanda·
1195 3387 1214 3420 '·

12 3495 16 3512 ⁵
77 3495 149 3548 tuna
172 3492 256 3558 erat,
290 3504 352 3544 non
379 3481 445 3543 sola
466 3479 604 3544 doctrina
623 3485 851 3562 absolveretur,
895 3476 1013 3549 divinius
1036 3494 1174 3550 servator

77 3591 167 3655 haud
188 3589 322 3652 substitit
341 3589 373 3650 in
393 3588 553 3671 praeceptis
578 3592 718 3671 rogandis
737 3591 916 3676 placitisque
936 3591 1087 3674 religiosis
1110 3600 1172 3656 tra·

77 3697 214 3772 dendis3
239 3695 294 3757 sed
316 3717 378 3757 non
398 3695 491 3778 magis
511 3695 663 3770 docendo,
700 3718 788 3779 qnam
809 3699 939 3760 vivendo
963 3698 994 3760 de
1014 3697 1172 3762 moriendo
1247 3752 1255 3782 x

77 3813 175 3867 antor
189 3809 267 3876 erat,
288 3810 322 3864 ot
337 3803 389 3886 qui
407 3801 577 3886 exemplum
598 3801 664 3886 ejus
683 3799 867 3887 aspicerent,
887 3805 939 3890 qui
959 3803 1049 3864 tidem
1069 3803 1098 3864 ei
1119 3805 1174 3866 ha·

76 3911 215 3982 herent,
254 3907 307 3993 qui
330 3907 459 3990 deniqne
480 3916 546 3970 toto
567 3909 665 3970 animo
686 3909 715 3970 ei
736 3907 962 3989 sejungerent,
996 3929 1033 3968 eo
1056 3909 1173 3980 imbue-

74 4025 194 4080 rentur
215 4015 324 4088 animo,
349 4035 409 4097 quo
431 4036 553 4078 summer
570 4016 714 4077 docerent
736 4013 885 4096 voluptati
908 4038 940 4077 se
961 4020 1043 4076 totos
1061 4015 1101 4084 ad
1119 4035 1172 4076 vo·
1235 4007 1239 4016 ’
1266 4069 1268 4074 .

72 4124 235 4188 luntatem
257 4121 384 4184 divinam
406 4141 601 4209 componere,
625 4139 685 4206 quo
709 4139 853 4182 summam
877 4125 1026 4200 ponerent
1046 4117 1172 4178 suavita·

836 4275 939 4332 ¹1⁸
