2862 4708
1016 242 1096 330 m

54 482 191 546 quoque
207 470 382 526 enumerate
423 455 575 530 διάκονοι
597 457 709 546 Χριςῦ
736 462 820 543 elom
854 463 989 544 (Ηοι.
1010 467 1064 539 ll,
1087 468 1159 544 28),

52 569 210 650 additque
233 571 309 647 (non
328 569 393 628 sine
414 569 607 629 excusatione
627 567 718 647 hujus
741 570 966 642 ostentationis,
999 591 1089 652 qnam
1107 573 1160 632 ad-

50 674 193 736 versarii
218 673 277 753 ipsi
299 673 531 755 extorquebunt,
557 671 788 758 παραφρονῶν
813 673 938 750 λαλῶ)τ
971 667 1058 764 ὑπὲρ
1083 669 1160 762 dyoh

50 779 134 838 «Iam
149 777 335 838 calamitates
360 778 390 840 de
413 779 586 839 vexationes
610 785 778 849 enumerat,
803 799 877 858 quas
899 779 1055 860 religionis
1079 771 1160 840 chri·

51 884 179 944 stianae=
195 903 284 942 eausa
308 883 453 955 subierat,
473 891 508 943 ut
528 883 660 955 eluceat,
694 903 755 964 quo
772 881 843 962 jure
865 881 943 942 illud
964 883 1002 942 de
1023 905 1057 944 se
1078 905 1159 966 prte-

52 987 165 1046 dieare
185 987 294 1068 possit.
349 989 434 1048 Inest
462 989 555 1068 igitur
578 987 681 1048 verbis
704 985 848 1066 apostoli,
872 989 1060 1048 adversarios
1082 1011 1159 1071 quo-

55 1113 122 1172 que
135 1092 276 1172 religioni
289 1093 460 1155 ehristinnae
474 1093 674 1162 ministrasse,
699 1091 833 1172 quamvis
847 1113 880 1150 se
892 1091 950 1150 hac
961 1093 993 1153 in
1013 1113 1047 1150 re
1068 1092 1159 1173 longe

51 1196 270 1275 preestantiora
289 1197 471 1258 documenta
486 1196 580 1256 studii
593 1195 749 1276 religionis
766 1196 897 1256 edidisse
916 1195 1006 1254 simul
1019 1198 1160 1276 proliten-

52 1307 121 1360 tur.
160 1301 245 1378 Quid
255 1301 354 1361 rero‘l
377 1301 538 1381 Praeoipuo
554 1301 684 1382 quodam
696 1300 780 1381 jure,
800 1301 883 1382 qnod
899 1300 938 1360 sd
957 1300 1088 1362 Paulum
1098 1321 1160 1362 uon

52 1407 242 1486 pertineret,
267 1426 300 1464 se
326 1404 445 1466 Christi
465 1425 529 1466 esse
549 1406 756 1486 gloriabantur
776 1409 812 1486 (2
833 1406 909 1467 Gor.
935 1407 988 1479 1⁰,
1013 1407 1090 1470 ''let''
1106 1427 1160 1478 sco

52 1508 236 1574 πέποιθεν
267 1503 375 1596 edocti
413 1509 524 1594 Χριςέ
553 1510 662 1586 εἶναι,
698 1511 799 1578 τοῦτο
838 1509 1021 1598 λογιζέσθω
1052 1501 1159 1577 πάλιν

55 1606 112 1696 οἷφ
136 1611 258 1685 ἑανοῦ,
292 1608 345 1678 ὅτι
368 1609 485 1686 καθώς
511 1605 615 1686 αὐτός
635 1616 765 1700 Χριςῖι,
807 1609 895 1681 οὕτω
917 1637 973 1680 ναι
1001 1607 1158 1699 ἡμεῖςν)

58 1850 110 1918 »1)
130 1849 189 1902 llic
207 1851 287 1902 loeus
305 1847 444 1918 imprimis
470 1851 507 1903 eh
525 1849 560 1903 iis
579 1855 714 1921 urgetur,
750 1849 798 1922 qui
817 1850 966 1906 discrimen
986 1851 1160 1908 constituunt

133 1940 210 1994 inter
230 1938 276 1998 τέο
298 1936 332 1992 ci
347 1933 434 2009 Κηφιῖ
459 1937 545 1995 &ris
570 1936 602 1995 ci
622 1933 718 2012 Xpssi,
743 1949 776 1998 ut
792 1945 922 2015 probent,
951 1945 1039 1998 verbe
1057 1944 1073 1996 1
1091 1945 1157 2000 Cor.

130 2032 159 2096 1,
177 2029 214 2082 12
229 2027 282 2100 iyol
299 2027 328 2084 δέ
344 2028 377 2084 ri
392 2029 483 2102 Χρισὲ
507 2033 657 2086 referende
682 2051 742 2088 csse
767 2036 803 2088 ed
821 2035 998 2106 singularem
1017 2038 1159 2104 quendam

130 2121 304 2185 factionem,
331 2139 391 2190 quse
416 2122 521 2175 Christi
545 2124 660 2177 nomine
690 2141 721 2177 se
749 2143 805 2196 pra
831 2125 895 2180 eliis
921 2127 1072 2197 insigniret
1089 2130 1157 2196 (cir.

131 2212 252 2264 Billrnth
270 2231 299 2282 p.
318 2209 422 2280 XXV).
458 2216 565 2268 Verum
581 2215 710 2286 quamvis
728 2218 890 2281 concedam,
904 2219 1028 2272 rationes
1043 2219 1159 2274 idoneus

126 2301 229 2357 'afferri
244 2321 335 2380 posse,
354 2303 458 2374 quihus
467 2307 614 2376 probetur,
632 2305 721 2361 inisse
732 2307 862 2361 Corinthi
879 2307 1056 2379 singularem
1069 2327 1158 2379 quan-

96 2435 100 2441 .
131 2397 197 2448 dam
217 2393 385 2460 lectionem,
415 2413 475 2465 que
493 2389 709 2451 illnm'titnlom
726 2399 781 2452 sihi
804 2399 970 2470 imponeret,
990 2387 1069 2454 locus
1086 2401 1158 2456 cite·

131 2495 176 2540 tus
195 2487 227 2554 (2
245 2487 310 2538 Cor.
331 2485 375 2547 ll),
396 2488 428 2555 7)
447 2494 542 2540 tamen
568 2503 620 2557 per
642 2505 673 2540 se
695 2491 788 2543 solum
812 2489 990 2545 existentiam
1011 2491 1076 2546 telis
1094 2495 1155 2548 lac-

132 2577 217 2631 tionis
228 2577 304 2629 haud
321 2580 508 2647 comprobare
523 2596 604 2648 posse
618 2579 739 2645 videtur,
754 2581 887 2651 qnoniam
898 2583 1006 2636 Paulus
1025 2585 1155 2640 hocloco

134 2671 168 2722 dc
194 2668 328 2738 snperbia
353 2668 377 2721 δι
403 2671 574 2739 gloriatione
605 2672 832 2727 adversariorum
864 2673 1077 2729 Corinthiorum
1105 2678 1156 2742 ju·

132 2759 304 2814 deluantitnn
320 2760 349 2812 in
366 2763 529 2816 universum
548 2761 682 2832 disputat.
724 2765 782 2817 Ubi
799 2783 866 2819 vero
885 2768 937 2820 rel.
956 2765 1156 2835 Necessitatem.

132 2853 166 2907 G.
185 2871 213 2922 p.
232 2850 299 2918 301)
317 2851 459 2906 notionem
479 2855 566 2919 hujus
586 2855 717 2908 lectionis
737 2855 778 2910 ite
796 2856 951 2918 constituit,
977 2862 1010 2907 ut
1027 2856 1157 2910 honines

134 2943 356 3012 comprehendat
377 2944 575 3014 philosophice
596 2947 719 3012 quadam
742 2945 919 2998 institutione
936 2944 1073 3008 excultos,
1099 2944 1158 3010 qni,

131 3021 280 3106 repudiate
298 3033 451 3086 autoritate
476 3034 637 3086 traditionis
656 3034 834 3102 apostolice,
862 3033 1047 3084 christianam
1068 3049 1157 3102 quun-

131 3125 197 3177 dnm
213 3124 373 3198 ¹‹lnctrinenn
392 3149 427 3164 -
450 3139 483 3175 cx
506 3123 633 3192 ipsorum
654 3123 787 3192 opinione
807 3123 1015 3192 -puriorem,
1045 3124 1159 3193 plecitis

132 3217 189 3270 cuis
206 3214 411 3286 philosophicis
431 3222 635 3283 congruentem
655 3215 768 3268 tradere
785 3215 930 3267 studerent
950 3213 1070 3284 ideoque
1087 3217 1158 3272 tita-

131 3306 250 3362 lumwis
266 3304 300 3360 ri
307 3297 396 3376 Xpssi
404 3323 460 3374 pra
469 3305 534 3359 aliis
545 3305 600 3360 sihi
616 3306 991 3374 tribuerentcrerhmqncl.
1001 3307 1020 3361 1.
1030 3315 1157 3378 proxime

131 3401 316 3476 antecedunt,
352 3397 514 3468 prohibent,
556 3417 611 3468 qno
637 3399 730 3452 minus
757 3395 783 3450 ei
810 3399 1001 3453 secedamus*
1040 3403 1157 3460 Nomai

132 3509 176 3547 res
194 3492 235 3546 ite
252 3509 283 3546 sc
301 3492 437 3556 heberet,
469 3492 608 3560 quomodo
635 3497 695 3544 tum
713 3489 863 3559 Apostolus
883 3491 981 3544 eodem
999 3493 1062 3546 loco
1079 3493 1156 3548 situ·
1194 3471 1196 3488 Ι

132 3585 308 3654 perationem
334 3582 364 3636 in
383 3581 543 3636 Corinthios
568 3583 649 3636 illins
673 3581 805 3636 fectionis
831 3598 916 3636 causa
942 3587 1098 3650 conjectam
1117 3589 1154 3640 ah

131 3676 175 3729 his
202 3675 296 3728 verbis
320 3675 446 3744 incipere
470 3674 624 3744 potuissetc
664 3671 704 3728 Td
727 3669 796 3727 sord
819 3671 957 3747 πρόσωπον
983 3676 1105 3748 βλέπετε.
1114 3679 1154 3745 (3)

134 3763 160 3820 εἶ
171 3783 212 3821 sss
229 3769 362 3822 πέποιθεν
379 3786 437 3824 m.
450 3765 476 3820 l..
517 3765 571 3821 His
590 3764 665 3818 eninr
682 3765 776 3818 verbis
794 3764 875 3830 inest,
888 3767 1049 3822 Corinthios
1068 3785 1155 3838 prop·

134 3864 213 3910 terea
235 3859 417 3930 procliviores
444 3875 503 3910 esse
528 3858 564 3910 ad
587 3857 743 3920 honorem,
767 3873 850 3925 quem
877 3857 921 3910 illi
946 3860 1075 3912 homines
1099 3857 1156 3911 sihi

125 3935 311 4018 arrogarent,
330 3951 548 4020 agnoscendum,
566 3948 641 4016 quod
655 3946 685 3998 hi
703 3953 814 3999 esterno
832 3949 953 4017 quedam
971 3948 1064 4016 speeie
1081 3947 1155 4015 ipsos

135 4041 261 4106 dejesta
284 4040 431 4106 judicandi
453 4041 592 4094 facultate
616 4040 829 4105 deturbassent;
855 4039 923 4108 (nisi
951 4055 1014 4090 eum
1036 4037 1154 4091 sitnon·
