2864 4712
288 549 449 618 Messianis
471 540 681 604 continebatur
693 539 739 614 ¹),
768 535 810 596 ita
830 535 988 596 instituere
1010 530 1117 607 vellet,
1139 541 1174 594 ut
1194 532 1397 618 disciplinam

287 655 462 722 ldosaicamv
474 649 514 710 ad
530 647 687 730 pristinam
708 642 930 724 simplieitatem
946 646 1116 701 revocaret.
1159 638 1304 725 Attamen
1326 642 1398 722 ipsa

288 763 342 824 illa
365 755 555 826 reverentia,
588 757 732 834 quatum
754 749 863 809 «lesum
889 754 923 806 ut
943 747 1087 808 Messiam
1108 751 1174 804 tum
1192 745 1295 826 legem
1319 747 1396 808 Μο-

289 868 399 930 aaicam
421 869 456 923 ut
476 857 693 921 revelationem
722 855 851 916 divinam
872 850 1157 934 prosequebantur,
1187 851 1394 933 impediebat,

290 995 351 1059 quo
375 971 473 1032 minus
501 962 633 1048 apostoli
661 961 693 1020 in
717 961 846 1020 animum
873 958 1073 1030 inducerent,
1107 957 1216 1018 desum
1240 958 1273 1017 id
1297 979 1394 1038 agere

288 1081 340 1145 vel
371 1076 492 1140 omnino
522 1068 766 1137 anteventum,
802 1071 837 1123 ut
860 1063 1019 1144 disciplina
1041 1061 1177 1124 Moesica
1209 1084 1278 1122 eum
1305 1063 1394 1123 cultu

287 1184 395 1266 templi
425 1178 593 1257 ritibusque
614 1172 743 1232 leviticis
771 1171 980 1251 abrogaretur.
1039 1149 1156 1229 Verum
1178 1167 1301 1241 Paulo,
1342 1170 1392 1229 eui

283 1291 348 1374 jam
369 1303 547 1369 persuasum
570 1286 647 1350 erat,
669 1277 790 1348 desum,
815 1275 867 1356 qui
886 1275 959 1335 viris
982 1275 1143 1334 autoritate
1169 1271 1199 1336 de
1221 1275 1392 1335 sanctitatis

272 1399 366 1458 'fama
394 1389 522 1451 maxime
553 1381 723 1462 conspicuis
758 1380 1021 1440 vehementissime
1053 1380 1289 1453 adversaretur,
1329 1402 1392 1440 non

290 1470 357 1562 esse
378 1515 485 1557 verum
505 1488 670 1559 Messium,
704 1485 803 1544 omnia
824 1484 877 1544 illa
889 1528 900 1557 ,
938 1486 1047 1568 quibus
1072 1463 1264 1547 doctrinalis
1286 1507 1391 1547 mores

289 1605 356 1686 ejus
378 1624 397 1661 a
418 1595 577 1677 disciplina
601 1591 735 1653 Mosaios
756 1591 893 1671 rigidiori
914 1591 1123 1664 discedebant,
1146 1591 1315 1652 certissima
1337 1613 1390 1674 ap·

288 1707 436 1792 parebant
466 1698 656 1770 testimonia,
699 1697 809 1777 quihus
841 1697 974 1777 suspicio
1004 1697 1253 1770 confirmaretur,
1298 1720 1389 1780 vam

287 1810 436 1878 Pharistei
464 1806 546 1867 alere
569 1801 778 1882 &divulgare
810 1801 988 1862 studebant:
1023 1803 1132 1864 desum
1154 1803 1187 1862 id
1207 1823 1312 1884 agere,
1355 1811 1389 1864 ut

289 1920 405 1980 cultum
427 1912 596 1976 Mosaicum
619 1907 709 1990 plane
733 1892 899 1968 everteret.
945 1907 1023 1983 Quae
1046 1908 1223 1989 persuasio,
1254 1909 1279 1966 si
1302 1910 1387 1996 sorte

288 2031 361 2107 post
380 2021 547 2079 discessum
567 2015 646 2074 desa
676 2012 717 2072 ol)
741 2033 807 2072 eam
830 2010 1038 2092 diligentiam,
1074 2035 1134 2095 qua
1156 2011 1291 2094 discipuli
1313 2011 1385 2093 ejus

288 2131 441 2210 precepta
462 2118 629 2200 discipline
651 2116 794 2178 Mosaicae
821 2116 907 2176 initio
933 2117 1155 2190 observabant,
1186 2117 1288 2200 paullo
1313 2139 1387 2179 con-

288 2253 377 2294 cussa
399 2227 503 2301 fuerit,
524 2223 687 2286 fortissime
709 2243 814 2281 rursus
838 2221 989 2282 inanimo
1014 2223 1105 2284 Pauli
1127 2224 1302 2284 confirmata
1327 2233 1384 2296 est,
1425 2243 1426 2250 ¹

262 2319 275 2341 '
289 2359 382 2420 quum
404 2333 591 2414 Stephanum
612 2329 724 2389 diserte
745 2327 938 2407 profitentem
957 2327 1096 2400 audiret,
1130 2329 1214 2410 quod
1235 2329 1385 2392 Pharisaei

183 2433 191 2440 ¹
288 2466 306 2503 a
326 2438 500 2522 primordiis
526 2435 573 2495 rei
600 2433 771 2494 christianae
804 2453 925 2512 semper
948 2433 1092 2513 suspicati
1115 2442 1221 2494 erant:
1258 2456 1386 2516 evange·

236 2615 239 2620 ,
286 2548 363 2609 lium
380 2599 383 2604 .
400 2541 515 2604 Christi
551 2538 777 2620 abrogationem
816 2538 916 2599 cultus
945 2539 1074 2600 Mosaici
1106 2538 1270 2600 allaturum
1307 2562 1383 2602 esse.

287 2653 359 2713 dam
387 2647 472 2709 nulla
493 2643 621 2724 amplius
645 2643 744 2702 Paulo
774 2643 929 2703 restabant
952 2643 1043 2704 dubia
1072 2643 1111 2704 de
1135 2645 1265 2706 consilio
1297 2667 1383 2710 novae

287 2753 445 2816 doctrine.
498 2751 641 2811 Fortasse
663 2754 750 2808 antea
771 2749 906 2810 nondum
928 2770 995 2808 eam
1016 2750 1157 2829 attigerat
1184 2758 1322 2826 aetatem,
1354 2761 1384 2812 nt

287 2859 432 2941 singulari
456 2854 631 2916 ullomodo
651 2853 731 2912 inter
752 2852 887 2936 reliquos
910 2853 1014 2914 hostes
1037 2854 1117 2915 «lesu
1141 2857 1274 2916 studium
1298 2859 1382 2919 avitae

184 2989 188 2997 ¹
285 2964 442 3047 religionis
471 2981 534 3043 prae
558 2979 591 3020 se
613 2959 693 3019 serre
713 2965 837 3040 posset;
870 2958 935 3040 jam
955 2981 1028 3020 vero
1047 2958 1169 3040 juvenis
1192 2962 1383 3024 fervidissimi

284 3072 398 3155 ingenii
418 3090 506 3130 snum
529 3087 597 3126 esse
615 3063 778 3146 judicavit,
801 3083 905 3124 omnes
925 3066 1082 3126 intendere
1103 3067 1184 3127 vires
1208 3068 1247 3128 ad
1270 3078 1380 3131 sectam

284 3177 484 3260 perdendam,
508 3174 594 3254 cujus
616 3172 715 3232 studia
735 3171 767 3230 in
790 3171 871 3232 diem
892 3170 1069 3251 religionem
1092 3171 1241 3253 majorum
1262 3175 1294 3234 in
1316 3199 1380 3257 gra·

284 3283 439 3342 vissimum
469 3278 631 3338 discrimen
654 3277 851 3338 adducerent.
913 3277 984 3353 Quo
1015 3277 1109 3358 magis
1139 3279 1198 3340 sibi
1220 3280 1287 3361 ipse
1311 3303 1379 3342 con-

285 3386 364 3446 scius
385 3389 450 3442 crat
473 3380 595 3454 sinceri,
620 3403 680 3463 quo
703 3363 879 3454 duceretur,
912 3382 1005 3442 studii
1029 3386 1063 3459 (1
1088 3383 1169 3444 Tim.
1196 3387 1229 3464 l,
1252 3387 1307 3447 13.
1332 3389 1379 3449 14.

283 3490 409 3554 arim.
433 3488 540 3561 1,o>,
587 3505 624 3544 eo
651 3485 800 3546 difficilius
824 3487 883 3547 sibi
900 3488 1085 3568 persuadere
1106 3497 1239 3570 poterat,
1274 3492 1381 3570 adver-

284 3597 379 3654 sarios
406 3587 568 3652 honestum
591 3590 677 3672 sequi
701 3590 879 3665 consilinm3
917 3615 1010 3674 quare
1031 3594 1173 3676 religioni
1196 3617 1257 3656 non
1280 3595 1379 3698 dpxit,

192 3721 196 3730 ι
285 3710 517 3730 Μ

300 3776 332 3844 1)
355 3774 395 3825 De
417 3771 509 3824 Wettc
528 3769 601 3823 Bitl.
621 3771 718 3840 Dogm.
737 3771 806 3828 1881
825 3776 842 3838 S
858 3771 911 3826 tol
937 3772 1156 3845 Verriclstaogeu
1174 3776 1223 3830 dev
1242 3777 1380 3832 Messias.-

351 3900 430 3922 .....
447 3862 479 3930 2)
498 3863 803 3934 Wiedcrlserstcllung,
823 3865 1036 3938 Verbesserung
1053 3869 1110 3922 und
1122 3869 1314 3940 verbraitung
1330 3873 1381 3925 der

351 3955 486 4026 Religion
500 3955 581 4021 (buc.
599 3954 625 4020 1,
644 3955 688 4010 78.
707 3957 751 4010 74.
768 3956 795 4022 ²,
811 3954 878 4022 82);
908 3955 1074 4029 Reiuigung
1089 3961 1139 4012 der
1155 3946 1244 4014 Sitten
1260 3960 1378 4026 (Motth.

349 4047 377 4111 3,
403 4048 445 4100 11.
471 4045 539 4112 12);
575 4047 695 4102 Bainun
720 4049 768 4102 des
797 4048 929 4100 Gcsetaes
964 4050 1084 4117 (blattis.
1109 4051 1137 4117 b,
1163 4050 1196 4104 17
1231 4051 1290 4122 vgt.
1318 4053 1379 4108 Jcr.

350 4137 394 4203 ot,
419 4138 452 4191 dl
472 4139 527 4207 sq.)
