2862 4708
337 272 419 365 lto

186 547 190 554 -
269 491 330 571 esic
353 488 469 571 κύνας,
490 483 763 579 dilaceratis
783 483 887 565 roric
906 482 1058 580 ἐργάτας.
1102 492 1285 578 Utrumque
1306 519 1376 560 rer·

269 605 343 666 hum
365 601 457 681 vulgo
478 598 599 682 quidem
617 595 773 658 redditur:
798 605 901 659 coneto
922 599 1007 662 vohis
1027 621 1048 662 o
1058 641 1160 674 .....
1192 603 1252 662 sed
1274 604 1372 665 ninus

269 715 430 779 aecanos,
458 727 550 787 quum
576 727 629 770 ott.
657 723 686 763 e·
707 703 765 787 βλ.
788 727 866 770 τινα
892 706 1017 788 proprie
1041 707 1212 788 significet:
1255 711 1372 770 intueri

272 815 418 898 aliquem,
438 811 483 872 ad
499 811 583 871 illuns
603 809 776 883 madere,
798 831 866 870 cum
881 811 913 870 in
930 811 1039 872 mulum
1058 819 1178 893 portem
1200 813 1241 872 de
1263 835 1371 875 caven-

270 919 352 978 tihos
373 917 444 990 sihi,
463 925 527 977 tum
540 917 572 977 in
589 917 697 977 Mrem
719 915 758 976 de
778 916 974 998 sequentihus
996 917 1142 1003 aliquem,
1164 918 1252 980 Phil.
1266 923 1305 994 ὅ,
1319 923 1369 985 17.

271 1023 398 1086 Rectius
419 1023 530 1104 igiturs
554 1021 686 1084 latentis
710 1023 979 1104 walopertuso!

567 1387 750 1456 CAPUT
791 1389 1063 1458 unumst.

271 1518 506 1609 Adversarii,
541 1520 604 1618 qni
625 1519 664 1590 in
690 1520 832 1593 cotom
859 1545 883 1590 a
905 1518 1026 1592 Paulo
1049 1520 1108 1593 ocl
1131 1547 1156 1593 a
1181 1496 1362 1622 dsscs'pults

270 1642 348 1742 ejus
372 1643 524 1715 considis
550 1665 690 1713 errores
713 1644 888 1714 commui
909 1639 1169 1740 Apostolorum
1192 1647 1364 1720 doctrine

510 1765 687 1838 obstantes
715 1787 885 1890 rporperc
917 1765 1114 1838 studebant.

764 1979 785 2066 5
808 1983 861 2046 1o.

321 2113 399 2186 Qut
416 2114 461 2171 trs
480 2067 582 2169 coeto
601 2109 1006 2170 nasamontamrom
1026 2111 1255 2174 osonum
1273 2119 1323 2177 ae

468 2217 642 2275 onumen
652 2215 820 2272 Domtnt
840 2219 1159 2287 corrumpebant.

358 2345 468 2409 Restat
495 2343 616 2405 tandem
639 2340 761 2402 tertium
788 2339 1026 2404 adversariorum
1048 2340 1137 2406 Pauli
1160 2366 1257 2426 genus
1280 2371 1352 2411 com·

271 2449 516 2522 memorandum,
554 2447 592 2508 nd
622 2446 705 2529 quod
731 2446 754 2506 ii
783 2447 934 2507 referendi
962 2455 1051 2522 sunt,
1084 2451 1136 2533 qui
1157 2451 1196 2512 ah
1219 2457 1353 2536 apostolo

271 2563 377 2616 nostro
397 2553 659 2634 impugnabantur,
690 2573 782 2634 quum
804 2551 835 2612 in
856 2553 980 2614 caetihus
1005 2557 1162 2638 praecipuae
1185 2558 1253 2640 ejus
1277 2583 1355 2624 curse

272 2657 436 2722 commissis
458 2677 577 2718 errores
599 2664 787 2738 spargerent,
819 2659 899 2719 unde
917 2659 1084 2740 pericnlum
1107 2659 1276 2725 immineret
1295 2667 1354 2725 sin-
1418 2669 1419 2718 l

221 2815 226 2823 ,
271 2786 348 2828 cerro
372 2763 518 2826 doctrinoe
540 2761 736 2844 evangelicoe,
770 2763 867 2846 qualis
894 2764 932 2824 uh
955 2765 1092 2826 omnihus
1112 2768 1191 2828 «lesu
1211 2769 1354 2851 apostolis

270 2871 456 2934 tradebatur.
519 2867 601 2930 Huic
622 2867 725 2952 generi
748 2868 877 2950 primum
899 2870 922 2930 ii
946 2872 1158 2933 annumerandi
1181 2883 1272 2950 suut,
1303 2878 1354 2959 qui

271 2979 408 3040 doctrina
429 2975 594 3058 apostoliea
607 2976 644 3036 de
662 2974 808 3063 παρεσιᾷ
827 2973 938 3062 Χριςῡ
955 2978 1093 3058 proxime
1110 2979 1243 3041 instante
1260 2984 1354 3044 minus
1418 2983 1419 2988 ’

270 3079 402 3146 fideliter
432 3079 577 3141 tradenda
610 3089 716 3142 coctum
748 3081 1061 3159 Thessalonicensium
1093 3085 1168 3146 adeo
1199 3090 1354 3168 perturba·

270 3191 363 3262 hant,
397 3195 432 3248 ut
456 3187 581 3248 consilio
604 3185 671 3262 illi,
707 3206 767 3270 quo
792 3186 858 3248 haec
880 3187 1016 3248 doctrina
1039 3209 1140 3250 corum
1161 3191 1353 3255 Thessaloni·

272 3295 410 3356 censibus
432 3316 449 3354 a
472 3291 570 3354 Pnulo
590 3299 711 3353 strenue
734 3291 890 3374 proposita
913 3293 1031 3369 suisset,
1062 3313 1124 3356 non
1146 3298 1247 3360 solum
1268 3301 1352 3363 ohes·

271 3407 350 3474 sent,
373 3399 587 3460 verumetiam
610 3398 749 3458 damnum
768 3399 908 3460 afferrent
928 3399 1040 3462 civitati
1065 3400 1246 3463 christianos.
1340 3418 1342 3422 ·

359 3505 486 3565 Constat
512 3524 550 3564 ex
576 3503 746 3564 narratione
774 3506 864 3566 Lucos
890 3505 922 3566 in
944 3507 1020 3594 ¹det.
1047 3506 1130 3590 App.
1160 3510 1214 3582 17,
1240 3513 1260 3574 1
1283 3531 1347 3593 sqq.

160 3588 166 3618 ‘
271 3603 306 3671 ei
326 3629 365 3670 ex
386 3607 481 3668 literis
503 3608 592 3668 Pnuli
622 3607 661 3668 ad
683 3608 968 3672 Thessalonicenses
992 3611 1082 3686 detis,
1114 3612 1350 3676 Ethnico-Chri·

269 3718 387 3779 stiooos
402 3712 546 3794 mojorem
567 3713 702 3776 ecclesiae
716 3715 1005 3778 Thessalonicensis*
1014 3725 1131 3798 portem
1151 3720 1348 3781 constituisse.

269 3824 366 3886 huces
388 3819 467 3880 enim
485 3817 509 3877 l.
533 3840 561 3878 c.
583 3819 687 3892 tradit,
710 3820 791 3883 haud
807 3824 848 3883 ita
866 3823 968 3884 multis
989 3823 1117 3897 Judaeis,
1142 3823 1259 3885 Graecis
1279 3845 1348 3886 vero

270 3930 361 4011 longo
379 3924 517 4032 pluribus
531 3923 559 4007 ¹)
585 3926 784 4006 evangelium,
808 3929 890 4012 quod
912 3929 1027 3992 Paulus
1050 3930 1250 4003 annuntiaret,
1280 3951 1347 4013 pro·
1415 3901 1418 3920 1

290 4101 322 4168 1)
340 4101 396 4156 Pro
414 4099 535 4156 lectione
553 4092 606 4155 cciv
626 4057 819 4171 russonum
836 4097 974 4174 Ἐλλήνων
988 4097 1176 4173 anticlides
1193 4102 1254 4159 det.
1271 4103 1312 4168 17,
1329 4103 1346 4155 t
1417 4071 1418 4143 l
