2864 4712
1041 243 1096 330 ut

17 535 19 542 ,
69 469 165 530 cheno
188 464 275 528 initio
306 461 515 526 intercesserit
535 483 602 524 cnm
631 460 759 526 eeclesia
780 462 1070 548 Hierosolymitm.
1108 469 1163 533 vi.

64 573 259 634 cissitndines
282 571 547 653 gradssimre,·ut
566 557 616 641 lit,
638 575 755 650 praeter
778 569 949 651 opinionem
972 574 1105 635 omnium
1130 595 1163 636 ae

66 680 201 741 invicem
223 676 382 758 excepisse
405 675 562 748 videntur,
594 683 629 735 nt
656 675 694 734 de
723 683 806 736 certa
838 697 888 736 res
908 697 1002 738 novas
1025 679 1165 740 conside·

17 833 18 836 ,
66 786 158 846 randi
179 784 297 844 ratione
326 781 458 842 nondum
487 780 568 840 inter
591 799 696 842 omncs
720 780 882 842 convenire
903 791 1019 864 posset.
1070 783 1164 846 ttutti

67 890 196 971 quidem
211 909 256 948 ex
273 887 410 958 Jndaeis,
445 886 498 968 qni
515 907 626 947 nomen
647 885 764 947 Christi
791 887 956 962 dederent,
988 888 1162 951 liberiorem

66 995 155 1057 illam
180 993 309 1073 amplexi
338 998 425 1052 erant
455 991 604 1073 evangelii
634 978 803 1076 rationem,
846 1003 916 1074 quse
946 1015 1004 1075 per
1030 994 1162 1058 Paule·

67 1108 191 1160 strenue
215 1097 448 1170 defendebatur,
469 1098 526 1158 sed
550 1096 615 1169 alii,
647 1095 807 1156 ecclesium
828 1097 1165 1163 Etlrnico-elrristiacan

64 1201 218 1266 conditam
240 1224 322 1276 esse,
344 1225 406 1264 non
427 1210 487 1263 tam
508 1202 693 1285 probabant,
727 1223 816 1284 qum
840 1223 876 1262 ea
901 1223 956 1284 spe
980 1203 1064 1264 ducti
1086 1205 1165 1266 iere·

61 1312 152 1384 bant,
173 1311 253 1382 iore,
274 1317 309 1370 nt
329 1309 472 1392 gentiles,
504 1309 557 1391 qni
579 1307 835 1370 Christonomen
857 1307 1025 1382 dedissent,
1056 1319 1164 1392 postea

65 1416 256 1500 disciplinam
286 1397 594 1498 quoqne'dlossicam
613 1413 806 1494 susciperent
830 1414 904 1491 (cfr.
926 1433 960 1496 p.
984 1412 1050 1496 1⁰).
1097 1415 1164 1478 Sed

64 1530 203 1603 tempore
225 1521 326 1603 eliqno
350 1521 565 1603 proeterlapso,
590 1541 682 1604 quum
701 1520 770 1582 haec
791 1520 979 1600 exspectatio
1001 1520 1085 1600 ipsos
1105 1519 1161 1582 l'rl-

65 1627 166 1699 leret‚
194 1627 301 1686 lortius
322 1627 435 1686 instare
458 1633 634 1706 cuperant,
663 1633 753 1708 atque
775 1623 913 1684 nonnulli
934 1645 973 1684 ex
993 1624 1031 1686 iis
1052 1625 1160 1690 Antio·

70 1730 186 1790 ohenos
207 1730 291 1809 ipsos
315 1729 450 1801 adilrent,
470 1731 583 1810 diserte
606 1729 811 1790 declarantes:
832 1721 921 1807 Ὅτι
943 1725 1005 1796 edu
1022 1723 1074 1816 μή
1095 1755 1160 1797 m..

68 1834 260 1920 ριτᾲινηθε
293 1831 339 1920 τῷ
370 1815 446 1898 ἔθει
468 1833 639 1906 Μωϋσέως
649 1831 699 1915 ¹),
742 1829 784 1900 οὐ
815 1824 967 1902 driven-ta
991 1836 1160 1924 σωθῆναι.

65 1941 133 2002 Sed
156 1961 194 2000 co
227 1946 364 2022 tempore
393 1938 510 2000 Paulus
534 1937 565 2000 st
584 1939 743 2002 Barnabae,
757 1937 821 2020 jam
849 1940 977 2022 primum
1001 1942 1060 2004 iter
1089 1943 1161 2005 reli-

64 2047 163 2128 gionis
186 2046 356 2106 christianae
375 2045 582 2126 propagandae
605 2065 694 2105 censa
709 2064 920 2127 permagnam
932 2047 1015 2110 Asin
1035 2049 1160 2110 minoris

64 2160 184 2234 partem
205 2153 399 2212 instituerant
427 2147 601 2234 multosque
634 2150 771 2212 homiues
793 2151 930 2232 inprimis
957 2173 975 2210 e
999 2153 1162 2232 gentilibus

62 2257 204 2318 societati
226 2257 396 2316 christianae
426 2256 661 2318 conciliaverant
682 2255 768 2340 (Act.
785 2255 907 2340 ltu).
955 2257 1028 2334 Quo
1047 2255 1162 2338 majora

19 2354 22 2358 ’
62 2363 97 2434 in
117 2362 180 2424 lroe
200 2363 309 2422 itinere
332 2347 504 2421 testimonia
532 2361 643 2422 favoris
674 2361 767 2422 divini
789 2383 828 2424 ex
850 2361 922 2426 laeta
945 2361 1093 2444 evangelii
1116 2363 1162 2424 in·

64 2476 117 2528 ter
145 2467 273 2546 gentiles
294 2467 510 2548 propagatione
531 2467 650 2548 experti
671 2475 768 2540 erant,
788 2487 825 2528 eo
845 2467 1001 2530 molestius
1015 2470 1162 2552 importn-

63 2595 137 2634 nam
156 2571 281 2632 illorum
299 2551 666 2634 iudeo-christianorum
685 2573 876 2634 sedulitatem
896 2575 1044 2636 ferebant.
1084 2575 1162 2636 Gra·

62 2677 186 2739 vissimn
209 2678 302 2758 igitur
331 2677 370 2737 de
397 2677 444 2738 his
467 2678 558 2738 rebus
581 2683 648 2737 orta
671 2686 719 2738 est
742 2679 905 2760 disputatio
926 2680 1012 2757 (Act.
1036 2683 1089 2754 lt,
1111 2681 1160 2762 ²),

63 2805 155 2866 qnam
183 2783 366 2846 Autioehcni
394 2783 515 2845 tandem
553 2784 735 2844 antistitibus
773 2792 868 2847 caetns
890 2785 1161 2868 llierosolymitsni

64 2887 306 2970 cognoscendam
323 2875 580 2974 dirimendamqne
597 2889 718 2952 tradere
735 2892 967 2952 constituerunt.
993 2891 1066 2951 noc
1088 2911 1160 2949 con·

64 2993 136 3052 silio
157 2991 272 3054 Paulus
296 2995 361 3078 (qni
384 2997 524 3078 etipse,
556 2995 743 3058 revelatione
773 2997 875 3058 divina
901 2996 1046 3065 monitus,
1069 2991 1160 3072 hnjns

62 3097 226 3178 legationis
255 3105 342 3162 autor
367 3102 461 3162 luisse
484 3100 659 3185 ridetur)²)
680 3101 712 3164 de
731 3101 886 3164 nonnas
910 3118 978 3158 cnm
999 3095 1065 3156 eliis
1085 3115 1160 3158 non·

77 3318 111 3384 1)
133 3316 386 3372 Circumcisionem
404 3320 434 3374 lr.
447 3320 468 3374 1.
484 3320 703 3376 commemorari
722 3335 773 3391 pro
792 3317 990 3375 observatione
1010 3316 1097 3372 totins
1116 3317 1160 3372 di-

130 3408 256 3480 acipline
274 3411 420 3478 Moesicas,
450 3411 786 3484 pateterdet.15,2l,
812 3410 863 3466 ubi
888 3410 1011 3481 apostoli
1030 3410 1058 3464 ds
1080 3422 1158 3480 prot-

131 3501 227 3572 byteri
249 3503 393 3568 Hierosot.
419 3504 486 3558 illos
508 3505 638 3560 homines
664 3503 705 3558 ite
729 3505 908 3558 deseribuntr
936 3503 1005 3557 creis
1025 3527 1060 3542 -·
1076 3529 1112 3542 -
1129 3532 1160 3543 ·-
1223 3531 1227 3540 ι

131 3591 269 3662 ἐτάραξαν
293 3591 366 3667 ipris
390 3621 425 3638 -·
442 3623 478 3637 -
500 3621 535 3638 ·-
564 3593 683 3666 λέγοντες
700 3592 909 3668 πιριὲἐμνεσθαι
926 3601 968 3648 not
994 3593 1087 3662 τηρεῖν
1110 3589 1159 3646 co'r

130 3683 223 3754 νόμον.
253 3685 306 3744 cir.
322 3705 349 3742 r.
367 3687 394 3742 5.
580 3739 585 3743 .
821 3756 823 3760 Ι
998 3689 1001 3702 “

76 3777 106 3844 2)
127 3777 347 3848 Ubistetnitnr,
366 3778 395 3832 id
408 3780 481 3850 qnod
493 3776 591 3832 multis
601 3775 760 3831 rationibus
773 3778 987 3834 commendatur
999 3778 1039 3842 (r.
1052 3774 1157 3827 Setott.

17 3857 19 3902 l
130 3869 260 3938 uliosque
280 3878 443 3924 commenti.
463 3871 491 3924 in
511 3889 556 3941 ep.
576 3859 722 3936 nodat),
748 3870 802 3924 lroc
822 3871 877 3924 iter
895 3869 972 3922 idern
991 3883 1060 3929 esse,
1078 3866 1159 3931 cnjtra

17 3967 19 3994 ²
129 3960 239 4014 montio
265 3961 317 4014 list
341 3960 370 4014 in
390 3962 455 4016 (iel.
475 3961 502 4028 2,
519 3963 536 4015 l
553 3979 625 4032 sqq„
649 3975 763 4015 neeesse
786 3969 829 4018 est
854 3961 907 4014 ills
934 3953 1159 4012 ratione'conoi·

17 4061 19 4088 ὲ
128 4051 241 4105 lientur
266 4051 420 4108 relntiones
443 4053 526 4108 Lnon
552 4052 580 4108 dr
604 4051 699 4108 Pauli.
738 4049 810 4108 Num
836 4048 970 4121 quostiam
995 4047 1102 4100 Paetus
1129 4045 1158 4094 in
