2886 4722
1028 315 1088 402 83

60 547 127 612 tnr,
167 559 254 621 qvam
278 539 309 597 in
328 535 399 600 Act.
425 537 482 608 21,
501 537 544 600 28
567 557 631 620 seq.
664 537 702 598 dc
733 539 905 620 captivitate
933 538 1153 621 Hierosolymi-

62 653 126 706 tana
149 645 183 705 fit
206 643 332 704 mentio.
360 693 363 696 .
388 641 611 724 Hierosolymis
635 643 713 703 cuim
734 643 837 704 «ludaei
856 645 1018 706 tumultum
1041 647 1153 707 excita·

59 759 187 824 rerunt,
218 749 301 832 quod
323 747 490 829 templum,
524 769 585 830 quo
612 748 737 810 Graecos
762 749 899 810 homines
923 751 1037 811 Paulus
1057 753 1153 814 iutro·

37 857 180 916 admisse
213 855 455 926 existimaretur,
489 853 527 913 ah
547 853 686 934 apostolo
708 855 898 934 profanatum
930 864 1021 918 esset.
1080 859 1152 920 dam

58 983 128 1022 vero
155 982 247 1042 quum
272 981 378 1020 necem
399 959 427 1018 ei
449 965 603 1040 pararent,
633 958 738 1040 Lysias
759 960 939 1022 chiliarchus
962 985 1030 1022 eum
1050 963 1153 1023 militi-

58 1066 113 1126 bus
136 1064 581 1147 centurionibusque,decurrit
599 1063 789 1146 Paulumque
813 1067 925 1129 eatenis
945 1067 1032 1148 lipari
1045 1069 1151 1141 inssit;

56 1194 123 1232 nam
138 1172 180 1231 ita
201 1171 328 1231 demum·
338 1171 466 1250 contigit
483 1169 613 1229 Paulum
630 1190 647 1228 e
667 1171 803 1230 manibus
821 1171 1000 1232 dedecorum
1020 1174 1150 1256 eripere.

56 1277 160 1361 Lysias
189 1299 269 1338 vero*
296 1277 362 1358 ipse
392 1273 523 1336 Paulum
551 1275 703 1335 homiuem
728 1297 794 1336 esse
822 1277 1019 1351 seditiosum,
1052 1301 1152 1363 aquo

55 1385 184 1444 maiores
214 1383 360 1443 tumultus
390 1381 449 1441 ium
478 1388 566 1441 antea
594 1381 717 1442 excitati
747 1387 850 1440 essent
873 1385 918 1461 (v.
938 1385 993 1446 38.
1018 1383 1151 1466 doseph.

53 1490 182 1573 Antiqq.
205 1491 260 1561 20,
281 1489 315 1551 8·
340 1490 389 1566 o),
418 1485 503 1546 initio
535 1487 757 1568 suspicabatur.
826 1489 890 1548 Sed
923 1511 961 1549 ex
991 1489 1062 1550 net.
1094 1492 1150 1562 23,

52 1598 94 1658 lt)
129 1616 197 1677 seq.
232 1596 275 1655 19
304 1615 371 1674 seq.
407 1599 593 1652 crescentem
634 1593 700 1673 ejus
739 1615 812 1674 erpa
852 1593 983 1668 Paulum
1019 1595 1152 1656 benevo-

50 1698 180 1759 lentiam
202 1696 364 1767 cernimus,
389 1695 464 1754 adeo
485 1702 520 1753 ut
541 1696 572 1754 in
593 1697 723 1775 epistola
744 1699 878 1768 tandem,
903 1719 991 1778 qvam
1011 1699 1051 1756 ad
1071 1700 1154 1759 Fcli·

50 1825 122 1864 cem
155 1801 391 1862 Procuratorem
420 1799 505 1858 dedit
533 1799 600 1884 (23,
627 1797 779 1880 26-30),
801 1800 952 1879 captivum
983 1802 1154 1882 apostolum

52 1907 231 1968 testimonio
248 1926 304 1976 suo
324 1905 559 1966 commendaret.
572 1905 738 1968 -Coram
758 1904 861 1963 Felice
885 1903 990 1966 rhetor
1018 1907 1152 1988 quidem,

52 2012 230 2084 Fertullns,
251 2011 303 2092 qni
318 2032 437 2070 cansam
453 2009 630 2070 dedecorum
649 2030 750 2068 coram
767 2017 967 2090 procuratore
987 2033 1076 2094 agere
1101 2015 1155 2074 dc·

53 2119 160 2192 heluat,
181 2116 313 2178 Paulum
337 2115 437 2175 denuo
461 2116 625 2188 accusavit,
649 2114 732 2198 quod
753 2116 899 2198 templum
919 2119 1079 2197 profanare
1102 2140 1153 2179 co·

53 2233 141 2286 natus
164 2230 264 2284 esset:
287 2221 377 2281 Felix
399 2207 571 2302 apostolum
591 2222 783 2282 innocentem
796 2231 871 2280 'esse
889 2243 1066 2302 persuasum
1088 2225 1155 2306 qui-

54 2332 123 2392 dem
147 2330 266 2402 habuit,
290 2334 446 2399 attamen„
466 2349 532 2410 qnae
557 2349 611 2388 sua
630 2333 697 2386 erat
716 2325 861 2400 errantia,
892 2326 925 2386 iu
947 2327 1076 2388 vinculis
1097 2350 1154 2410 per

52 2437 130 2498 dnos
147 2457 243 2498 anuos
266 2455 335 2494 eum
352 2433 476 2494 retinuit
493 2432 563 2507 (24,
584 2433 652 2509 26).
697 2431 837 2514 Denique
856 2433 1027 2513 apostolum
1045 2416 1174 2508 Festos

51 2543 225 2604 successori
248 2538 464 2611 suotradidit,
497 2558 621 2619 sperans
645 2539 725 2611 sore,
754 2544 789 2597 ut
818 2537 861 2597 ita
889 2538 921 2598 in
949 2539 1074 2620 gratiam
1094 2540 1152 2601 dn·

52 2651 193 2711 dacorum
207 2647 334 2717 rediret,
355 2651 387 2704 ct
405 2643 443 2704 ab
459 2644 651 2711 accusatione
665 2643 719 2703 illa
733 2643 926 2716 liberaretur,
950 2664 1038 2727 qvam
1058 2665 1152 2727 prop·

51 2753 299 2832 tervexationes
320 2749 351 2811 dt
370 2750 559 2830 direptiones,
585 2771 653 2810 snas
674 2749 796 2809 timeret
814 2757 860 2829 (r.
883 2746 953 2834 27).
1000 2750 1152 2812 Caeterum

51 2862 81 2920 in
101 2860 210 2921 Felice
227 2863 259 2916 et
281 2857 373 2916 Festo
399 2856 460 2915 duo
482 2855 535 2914 illa
556 2855 839 2928 animadvertimus,
872 2856 981 2937 quihus
1003 2856 1152 2934 evangelii

50 2967 79 3025 iu
103 2962 274 3046 gentilibus
303 2961 457 3053 profectus
484 2961 637 3042 praecipue
667 2961 908 3042 impediebatur3
943 2981 1012 3020 nam
1033 2961 1064 3020 in
1092 2960 1152 3020 hoc
1191 2949 1197 2959 ’
1239 3000 1243 3021 .

51 3067 243 3154 negligentia
264 3087 366 3126 rerum
387 3066 566 3137 divinarum,
595 3065 702 3126 inille
724 3075 823 3126 autem
844 3072 952 3147 pectus
970 3056 1048 3124 mulia
1072 3083 1152 3145 prm-

51 3185 196 3258 paratum
220 3170 392 3252 pravissima
416 3167 528 3250 objecit
548 3171 773 3253 impedimenta,
805 3171 962 3256 quominus
991 3169 1110 3250 veritati
1134 3189 1151 3229 a

50 3283 153 3345 Paulo
177 3277 295 3341 traditae
319 3275 408 3336 animi
429 3283 579 3358 paterent.
602 3279 674 3356 (cfr.
698 3278 769 3340 Aet.
791 3280 847 3350 24,
868 3277 922 3340 25.
944 3275 1000 3348 25,
1026 3277 1092 3354 19).

146 3595 228 3671 Quae
253 3613 327 3654 vero
352 3593 391 3654 ob
416 3592 591 3675 sapientiam
612 3591 643 3654 rt
664 3594 920 3668 moderationem,
956 3614 1016 3676 qua
1036 3590 1151 3652 Paulus

50 3723 120 3762 curn
142 3699 262 3764 tudae
286 3700 360 3780 egit,
385 3698 532 3790 continppt
555 3698 642 3773 lans,
672 3701 798 3762 eandem
822 3720 857 3780 ea
876 3720 997 3784 quoque
1019 3705 1152 3758 merctur

49 3809 153 3881 ratio,
185 3827 245 3888 qus
267 3805 298 3864 in
326 3805 488 3885 gentilibus
510 3805 674 3866 tractandis
697 3829 770 3867 usus
790 3813 848 3866 est.
896 3805 989 3882 Quod
1009 3804 1040 3863 in
1063 3825 1152 3862 evan·

49 3915 132 3993 pelio
157 3910 354 3993 praedicando
375 3933 393 3970 a
413 3911 530 3971 Jndoeis
547 3917 638 3992 atque
660 3911 823 3991 proselytis
844 3918 941 3990 portae
962 3907 1153 3969 instituendis

49 4037 176 4098 semper
199 4015 316 4076 initium
349 4016 441 4088 fecit,
478 4016 510 4074 id
533 4016 661 4096 provida
691 4022 790 4074 urente
824 4015 861 4074 ab
891 4035 928 4073 co
960 4015 1152 4104 observatum

50 4139 141 4195 esse,
187 4119 251 4200 jam
281 4125 368 4181 adtea
398 4113 624 4181 illustraiimus.
683 4121 840 4181 Prseterea
870 4119 1076 4200 pravissimum
1107 4121 1154 4174 est

885 4277 918 4330 Gir
