2864 4712
270 479 378 544 eodem
400 478 471 541 loeo
487 479 533 539 de
556 475 648 539 Petr'o
669 481 841 546 narrentur,
863 472 935 534 setis
958 472 1169 553 comprobent,
1188 471 1273 533 hune
1294 496 1374 556 epo·

268 587 382 650 stolum
411 587 451 646 nd
472 584 649 644 liberiorem
679 580 770 644 Pauli
801 579 840 640 de
868 578 960 638 rebus
985 577 1115 659 judaieis
1139 579 1294 640 statuendi
1319 603 1373 641 rs.

269 695 384 756 tionem
406 711 480 753 vere
503 691 678 751 secessisse.
726 687 804 750 Nom
825 691 985 768 antequem
1007 683 1301 746 ‹ludeo-christiani
1326 687 1373 747 illi

272 796 544 878 llierosolymituni
557 794 748 856 Antiochiam
769 791 920 864 venirent,
942 791 1055 852 Petrus
1069 790 1208 850 familiari
1222 791 1372 852 Ethnieo-

272 901 513 964 Christianorum
534 901 687 962 consortio
709 920 782 959 usus
803 905 881 970 eret,
915 895 992 957 adeo
1014 903 1049 956 nt
1070 897 1160 956 etiem
1184 899 1372 958 communio-

259 1030 342 1070 ·nem
365 1009 523 1090 epulorum
547 1029 616 1068 enm
637 1007 675 1068 iis
699 1005 879 1066 celebraret.
927 1004 1042 1064 Postea
1063 1001 1185 1084 quidem
1207 1011 1372 1064 consuetu-

271 1115 334 1176 dini
353 1114 758 1184 lethuino-[christianorum
787 1111 827 1172 nd
857 1102 976 1190 tempus
1008 1130 1041 1169 se
1064 1109 1223 1180 subduxit,
1261 1109 1372 1172 timore

273 1230 440 1284 commotus
466 1212 678 1308 (φοβῦμινος
698 1215 758 1290 urie
775 1221 810 1282 de
832 1213 1050 1302 περιτομῆς),
1073 1237 1112 1275 ne
1131 1215 1197 1274 fieri
1218 1237 1285 1276 uon
1302 1238 1370 1298 pos-

273 1336 332 1399 set,
354 1335 389 1388 ut
408 1327 517 1408 religio
540 1326 702 1387 olrristiene
724 1323 854 1384 feliciter
873 1329 1106 1404 propugnaretur,
1129 1321 1188 1381 nisi
1209 1321 1249 1382 sd
1271 1343 1371 1384 mores

273 1432 452 1493 «ludaeorum
475 1454 508 1492 se
533 1428 786 1492 soeommodnret.
840 1429 904 1490 Sed
929 1428 961 1488 in
988 1426 1044 1488 hee
1076 1427 1141 1508 ipse
1160 1429 1371 1490 eeeommodn-

272 1537 357 1598 tione
379 1538 606 1617 persuasionem
627 1535 790 1609 retinebat,
823 1557 930 1596 venun
951 1554 1018 1594 esse
1044 1533 1224 1594 seutentiam
1245 1535 1372 1596 dndaeo-

275 1642 516 1703 Christianorum
546 1641 754 1713 severiorum,
787 1640 820 1702 id
847 1637 930 1722 quod
961 1661 1000 1700 ex
1031 1639 1133 1701 verbis
1163 1639 1255 1700 Pauli
1277 1644 1373 1704 v.13

276 1755 407 1823 eonstnt,
432 1751 484 1834 qui
503 1749 622 1809 -diserte
639 1747 726 1820 elicit,
747 1747 875 1808 Petrum
894 1745 924 1808 de
941 1746 1110 1806 Bnrnelrem
1134 1745 1277 1827 fugienda
1302 1769 1373 1829 epu·

275 1854 375 1916 lurum
415 1856 624 1917 communione
663 1847 732 1916 dum
766 1843 1111 1935 Effice-Christiunis
1146 1855 1373 1934 persuasionem
1424 1828 1425 1907 l

274 1962 433 2022 simulasse
455 1954 723 2047 (ὑπεκρίθησαν)
745 1960 768 2020 i.
788 1981 818 2020 e.
841 1958 1087 2040 persuaderem,
1124 1981 1215 2040 quam
1238 1981 1295 2018 non
1316 1961 1372 2022 lte-

276 2066 398 2139 herent‚
420 2087 484 2148 pree
508 2089 541 2127 se
563 2065 683 2126 tulisse.
731 2063 969 2146 imprudentiam
990 2063 1125 2144 igitur&
1139 2065 1371 2140 simulationem,

276 2192 340 2232 non
366 2172 593 2255 persuasionem
620 2171 708 2235 Petri
731 2169 847 2231 Paulus
876 2169 1085 2250 reprehendit.
1146 2171 1259 2231 Petrus
1283 2173 1371 2245 enim,

277 2299 370 2359 quum
390 2279 504 2340 evitare
526 2279 683 2351 studeret,
717 2298 756 2338 ne
777 2275 1093 2340 dedero-Christianos
1114 2277 1297 2352 offenderet,
1334 2281 1372 2341 ite

278 2403 311 2444 se
334 2385 442 2462 pessit,
464 2392 499 2445 ut
520 2383 857 2444 llthnieo-Christinnos
877 2383 910 2442 in
929 2402 1063 2443 errorem
1086 2381 1125 2442 de
1154 2385 1255 2465 pretio
1287 2387 1373 2446 disei-

277 2485 368 2568 plinae
382 2485 524 2549 Moseisse
538 2487 749 2550 eonstitnendo
765 2487 854 2548 leeile
871 2485 1036 2550 adduceret
1048 2487 1132 2571 (Gal.
1141 2491 1175 2564 2,
1189 2491 1327 2576 llsqq.)
1346 2497 1370 2572 ).

349 2707 417 2788 dere
434 2707 588 2772 solebent3
612 2683 738 2778 *spostoli
755 2705 832 2760 enirn
849 2706 997 2777 ceterique
1013 2706 1152 2761 entialiter
1169 2714 1253 2764 cetus
1271 2711 1375 2792 Hiero-

348 2797 513 2869 solymitsni
537 2798 591 2852 lros
608 2798 740 2854 homines
757 2799 799 2854 its
819 2799 997 2854 describente
1018 2795 1133 2862 ιινὲιίξ
1156 2794 1230 2868 ἡμῶν
1251 2799 1374 2866 ἰξελθᾶν·

347 2904 392 2946 ees
396 2925 474 2944 .....
495 2895 705 2950 uttnmeunrox
732 2892 835 2947 diserte
852 2897 976 2966 negent,
1008 2891 1112 2944 horum
1131 2891 1286 2946 doctrinam
1307 2911 1325 2948 n
1343 2913 1376 2950 so

280 2982 286 2988 '
350 2995 411 3034 esse
428 2981 597 3052 protectum.

296 3071 329 3141 1)
346 3070 430 3138 Sunt,
457 3073 506 3145 qui
525 3080 626 3145 putent
643 3075 684 3142 (v.
705 3094 729 3129 r.
749 3075 892 3138 Stdodtr'e,
914 3073 1011 3130 Geeot.
1030 3076 1057 3130 rt.
1079 3075 1107 3130 S.
1127 3075 1155 3130 J.
1173 3075 1258 3129 ITh.
1277 3094 1306 3146 p.
1323 3075 1377 3129 720

348 3185 389 3237 sq.
410 3169 522 3220 Ammon
530 3203 541 3230 ‚
569 3167 620 3221 Die
646 3167 832 3238 Forttildong
856 3167 883 3222 d.
906 3167 1007 3222 etad
1026 3169 1110 3222 rllrth.
1131 3189 1158 3238 p.
1176 3167 1225 3232 42)
1252 3169 1374 3222 l'nulnm

350 3261 451 3312 endem
469 3258 689 3328 reprehensione
707 3260 826 3330 dignum
850 3257 956 3324 tuisse,
982 3277 1068 3328 quum
1087 3261 1299 3330 Hierosolymis
1318 3263 1376 3315 Act.

349 3349 395 3413 21,
414 3348 451 3402 20
470 3368 510 3418 sq.
537 3359 604 3404 roto
629 3350 821 3404 Neolreorunr
844 3350 1022 3421 suscipiendo
1053 3352 1244 3424 suspicionem
1279 3352 1377 3408 odii&

337 3445 521 3504 ‘contemtum
542 3457 597 3509 quo
617 3443 727 3496 cultum
743 3441 900 3496 Mosoionnr
919 3451 1083 3512 prosecutus
1101 3462 1160 3498 esse
1180 3445 1336 3511 diceretur,
1360 3461 1376 3500 e

352 3518 547 3586 se'removere
573 3533 709 3586 studeret.
755 3532 810 3588 Sed
829 3535 930 3600 Panlo,
961 3553 1048 3609 quum
1074 3537 1151 3590 lruno
1175 3537 1265 3590 ritum
1290 3538 1376 3592 susei-

350 3618 486 3687 piendum
505 3622 635 3692 eligeret,
653 3625 776 3694 prebere
795 3627 929 3698 contigit,
956 3645 1040 3698 quom
1060 3629 1169 3698 alienus
1192 3637 1267 3705 esset
1283 3646 1303 3684 e
1325 3629 1377 3684 cri·

350 3710 516 3779 minutione,
536 3731 595 3782 qun
609 3715 638 3769 ln
658 3715 749 3784 ipsum
769 3720 897 3784 conjecto
916 3725 997 3786 esset,
1015 3721 1085 3774 lese
1101 3721 1267 3774 reverentie
1285 3720 1318 3774 in
1336 3737 1379 3773 re·

350 3803 488 3874 ligionone
506 3805 679 3874 Moericum,
704 3810 775 3864 sdeo
794 3818 907 3877 temen,
932 3818 964 3868 nt
989 3831 1104 3870 omnem
1129 3813 1215 3868 simul
1239 3813 1378 3884 suspirio·

351 3913 417 3949 nenr
436 3897 543 3951 evitare
554 3905 656 3970 posset,
674 3899 728 3954 sihi
743 3919 909 3972 persuasum
924 3920 983 3958 esse
997 3906 1032 3958 de
1050 3908 1116 3978 tege
1126 3905 1377 3962 Mosoieulndaeo-

352 3988 522 4046 Christianis
545 3993 703 4048 necessarie
726 3996 911 4051 observsnln.
955 3997 1059 4060 Votum
1086 3997 1160 4056 enirn
1184 3996 1379 4052 Neeiroeornm

1425 4417 1426 4470 l

352 4079 429 4138 lreud
455 4080 495 4138 ite
521 4085 682 4156 pertinebat
707 4089 742 4141 ert
767 4087 947 4160 disciplinam
972 4090 1147 4172 Moseicorn,
1169 4097 1207 4154 ,ut
1229 4088 1341 4152 diserte
1366 4103 1381 4140 ι
