2862 4708
1034 281 1091 388 95

51 495 149 584 quod
165 499 205 562 sd
226 492 398 586 α’διαφοροι
419 500 597 583 pertineret.
646 498 781 584 vestigio
801 497 892 582 hujus
911 504 1025 564 error-is
1039 503 1071 566 in
1092 511 1155 592 epi.

45 603 149 666 'stolis
173 607 265 669 Pauli
289 607 331 668 ad
361 607 536 698 Corinthios
560 605 636 666 datis
657 607 862 688 reperiuntur.
918 600 1065 676 ’Ἧιιίιτιι
1085 625 1156 698 ’μοι

50 711 188 786 disce?
220 715 255 790 (1
275 711 350 772 Gor.
371 714 406 785 s,
437 713 488 774 12.
517 712 570 776 1³.
596 711 653 772 cir.
684 713 739 784 lo,
767 711 825 790 28)
846 711 968 773 videtur
986 721 1102 778 tessere
1123 717 1156 782 de

49 817 235 898 symbolum
265 818 357 878 luisse
382 817 546 878 Corinthiis
576 815 776 900 quibusdam,
810 817 862 898 qui
884 817 1056 882 libertatem
1075 823 1156 884 ebri-

50 921 189 982 stiunstn
221 922 302 983 ultra
326 921 425 1003 justos
456 923 563 983 modos
594 921 792 982 extendentes
824 943 952 998 unacum
983 926 1155 988 discrimine

49 1028 144 1088 inter
165 1025 249 1090 cibos
269 1049 361 1110 puros
387 1027 418 1090 de
439 1029 575 1112 impuros
598 1026 724 1108 aliisque
746 1027 906 1108 praeceptis
926 1027 1054 1090 leviticis
1075 1031 1154 1111 ejus·

51 1131 133 1192 dem
147 1135 265 1213 generis
281 1155 338 1216 per
359 1133 527 1194 doctrim
549 1131 698 1212 evangelii
719 1132 845 1192 sublatis
864 1141 1014 1214 praecepto
1032 1155 1155 1218 quoque

49 1236 95 1296 de
121 1239 280 1312 castitate,
305 1239 343 1300 de
365 1239 559 1312 abstinentis,
588 1239 627 1298 de
649 1238 767 1319 impura
789 1219 910 1299 Venere
931 1238 1050 1298 subluis
1072 1250 1154 1314 mse.

50 1342 119 1402 sibi
139 1342 267 1426 aliisque
290 1343 474 1425 persuadere
497 1343 650 1406 volebant.
695 1335 766 1432 (Tn'
789 1334 956 1428 βρώματα
979 1342 1022 1432 τῇ
1041 1341 1156 1430 ’κοιλίᾳ
1196 1379 1200 1386 ·

49 1446 116 1511 καὶ
147 1440 171 1534 ἤ
199 1448 311 1515 κοιλία
341 1461 414 1521 τοῖς
441 1439 622 1535 βρώμασιν
641 1492 727 1514 .....
767 1439 816 1515 Τό
845 1447 880 1514 di
910 1448 1007 1534 σῶμα
1038 1441 1081 1517 osi
1109 1448 1154 1542 τῇ

49 1553 233 1640 πορνείᾳ).
294 1555 531 1616 concedendum
552 1554 686 1650 npuidem
717 1561 785 1628 est,
830 1573 870 1615 ex
901 1555 1155 1618 admonitionibus

50 1658 153 1720 Pauli
176 1661 196 1719 1
220 1659 296 1719 Cor.
315 1662 355 1730 d,
387 1661 500 1720 12-20
526 1660 690 1740 propositis
719 1681 780 1718 non
809 1667 893 1720 certo
918 1659 1028 1739 conjici
1049 1681 1155 1741 posse,

52 1764 91 1822 in
117 1761 247 1822 ecclesia
269 1761 462 1821 Corinthiaco
482 1781 554 1821 vere
576 1763 682 1833 inisse,
706 1763 757 1842 qui
780 1783 817 1822 eo
838 1783 934 1844 usque
955 1761 1087 1826 liceutiae
1108 1785 1157 1826 es·

51 1873 129 1926 sent
152 1866 329 1948 progressi3
351 1887 420 1926 naun
440 1865 556 1927 Paulus
578 1867 705 1928 fortasse
718 1866 751 1926 id
769 1865 975 1928 tantummodo
991 1889 1081 1948 egere
1102 1890 1157 1931 vo·

51 1971 132 2044 luit,
157 1978 193 2030 ut
215 1971 254 2031 ab
275 1969 424 2052 ejusmodi
440 1971 619 2057 turpissimis
643 1971 761 2052 flagitiis
783 1971 996 2033 dehortaretur
1015 1993 1082 2048 cos,
1104 1975 1157 2058 qui

52 2077 149 2138 l'ncile
172 2084 301 2158 propter
322 2085 527 2158 prteposteras
555 2079 694 2138 notiones
716 2077 754 2138 de
777 2075 917 2138 libertale
938 2079 1098 2148 christinus
1122 2083 1156 2142 in

52 2182 196 2265 periculo
221 2190 435 2256 remorentur,
469 2204 508 2242 ne
533 2184 564 2242 in
593 2182 766 2244 foedissima
795 2183 906 2262 flagitia
926 2184 1153 2248 delabercutnr.

55 2289 124 2350 Sed
148 2307 214 2371 qnae
246 2287 440 2349 demonibus
462 2289 690 2350 Corinthiorum
711 2309 751 2350 ex
770 2286 837 2347 aliis
857 2290 1056 2351 monumentis
1070 2292 1102 2369 ²)
1124 2289 1156 2354 d

57 2397 296 2414 Μ

71 2452 105 2517 1)
127 2449 243 2501 ’‘Robus
264 2451 392 2522 secundis
411 2449 498 2504 animi
519 2450 622 2504 civium
639 2448 839 2516 luxuriabant;
857 2456 967 2504 setores
987 2469 1035 2505 eos
1053 2431 1154 2525 appel·
1220 2523 1222 2530 Ι

130 2537 230 2594 iubant
256 2541 425 2607 libidinosos,
449 2535 739 2610 tortoson'nuperoos,
757 2549 942 2611 arrogantem
958 2547 1028 2598 adeo
1046 2547 1155 2600 relenta

131 2637 194 2684 erat
217 2631 367 2685 corinthus
389 2632 551 2686 bominibus
575 2632 688 2686 lascivis
706 2632 735 2687 ds
754 2635 949 2706 voluptuosis,
977 2643 1009 2690 nt
1033 2637 1156 2690 omnibus

128 2722 287 2775 lubidinibus
307 2723 453 2792 indulgere
469 2721 655 2796 παροιμιακοῖο
672 2724 830 2780 ιΙίοοιιιιιιι
852 2726 1045 2798 ιιορινθιάζιιν,
1059 2727 1155 2784 &Ko-

129 2814 224 2882 ρινθιίι
242 2809 307 2886 stipo
328 2813 441 2866 Plutoni
465 2831 498 2868 en
519 2817 565 2882 sit,
597 2833 658 2886 qua
678 2833 709 2870 ss
727 2819 838 2888 vulget.
875 2819 1047 2873 Scontntionl
1065 2801 1156 2889 lupini·
1208 2803 1210 2808 ¹

46 2951 51 2973 .
128 2903 184 2957 mis
203 2904 227 2957 i<
246 2905 330 2958 rebus
348 2906 476 2959 venereis
495 2908 662 2961 deditissimi
680 2915 761 2962 crunt
775 2909 925 2974 Corinthii,
945 2909 1078 2976 Diogenis
1097 2910 1154 2978 (iy-

46 3053 50 3064 ‘
128 2993 197 3060 uici,
223 2995 271 3065 qui
288 2996 464 3065 aliquamdiu
483 2997 511 3050 iu
529 3000 600 3050 urbs
618 3015 717 3068 eorum
735 2998 853 3062 vixerat,
877 2998 1045 3051 sententium
1065 3000 1154 3067 adop-

129 3089 237 3140 tantest
257 3086 487 3150 ”scortationem‚
506 3087 626 3140 incestos
644 3088 742 3150 etism,
760 3085 808 3156 qui
826 3087 968 3151 dicuntur,
989 3087 1155 3151 concubitus

131 3177 161 3230 iu
180 3195 210 3231 se
227 3178 302 3232 nibil
320 3178 429 3230 babere
449 3177 549 3243 muli,'’
574 3176 647 3246 (δεῖν
671 3175 719 3232 τόν
734 3179 864 3230 utinum
882 3169 916 3250 τῇ
935 3173 1051 3252 ιιιιοιὶοῃ
1071 3181 1155 3235 συνεῖ-

129 3289 186 3336 ναι,
211 3270 327 3338 Diogen.
347 3269 440 3322 boort.
461 3268 490 3321 in
512 3269 572 3323 vitu
597 3269 696 3339 Πίος.)
726 3268 931 3337 Heydeoreicb,
961 3269 1155 3340 Commentis

100 3353 103 3364 ’
126 3363 250 3431 priorem
266 3360 301 3420 Ρ,
320 3378 363 3429 ep.
378 3360 417 3412 od
437 3361 498 3418 Cor.
516 3379 543 3430 p.
563 3359 799 3416 lib-Concedo
820 3360 945 3429 quidam,
972 3362 1025 3416 boo
1050 3380 1100 3434 par
1123 3381 1154 3418 se

130 3453 204 3506 nihil
224 3453 348 3524 probare
366 3453 401 3504 de
427 3451 555 3505 moribus
574 3451 805 3516 corinthiorum,
833 3452 881 3522 qui
899 3469 981 3526 sacra
999 3455 1155 3510 christiana

130 3545 256 3616 amplexi
281 3550 383 3610 essent,
412 3544 461 3596 sed
486 3544 666 3597 observatum
684 3551 780 3612 tamen
802 3545 908 3611 velim,
934 3547 1154 3616 quodomnium

128 3641 291 3707 temporum
313 3635 485 3707 experientia
502 3635 700 3689 confirmatum
725 3637 778 3702 sit,
807 3636 986 3692 fallaciorem
1012 3657 1068 3694 nou
1095 3656 1154 3693 esse

129 3727 302 3798 sophistam,
331 3745 415 3798 qnam
434 3728 561 3781 animum
580 3727 781 3795 cupiditatibus
806 3730 983 3800 voluptuosis
1001 3729 1154 3795 irretitum,

130 3819 345 3888 doctrinamque
363 3822 398 3872 de
423 3821 555 3876 libertate
572 3817 744 3883 christiana,
773 3827 805 3874 ut
824 3821 906 3876 docet
922 3823 1043 3876 historin
1063 3824 1155 3876 eccla·

130 3911 257 3975 uiosticu,
280 3908 381 3982 neptus,
395 3917 559 3981 protentum
581 3925 640 3961 essa
660 3908 834 3964 iecinoribus
853 3913 1009 3984 voluptatis
1027 3913 1056 3968 ds
1074 3929 1154 3966 amo·

66 4021 70 4032 ·
133 4003 172 4054 ris
190 4001 295 4056 illiciti.
336 4003 369 4056 Si
389 4003 519 4056 Corinthi
537 4001 600 4054 lieri
619 4001 719 4070 potuit,
737 4007 768 4056 ut
785 3991 872 4057 bomo
891 4005 1077 4068 Christianus,
1095 4003 1154 4056 sisa

129 4099 215 4148 untes
233 4095 345 4148 tuton·
367 4094 428 4148 siva
447 4093 586 4150 Judaismi
607 4095 765 4166 proselytus
783 4095 880 4160 fuerit,
905 4094 1017 4165 placitis
1031 4091 1153 4161 judaicis
