2862 4708
1045 240 1123 326 151

92 460 309 525 comminatur.
362 460 431 524 rrae
456 461 577 526 demoni
607 461 724 522 ratione
754 457 904 542 'spes'illa'
923 459 1028 520 bitania
1049 459 1089 522 de
1110 461 1192 522 felici

90 567 293 649 presentium
313 565 462 629 malorum
484 568 568 627 exitu
587 567 689 626 saturo
710 571 888 627 conservata
907 565 1031 649 quidem
1051 573 1112 639 est,
1136 568 1190 627 sed

91 673 298 744 desiderium,
319 693 382 754 quo
403 672 543 756 plerique
564 673 741 754 flagrabant,
771 671 837 731 lore
857 677 893 731 ut
913 691 946 731 sc
969 672 1043 754 ipsis
1066 672 1192 734 viventi·

88 777 157 838 bns
190 777 255 836 dies
289 777 343 838 ille
376 779 568 854 oboriretur,
607 778 778 860 paullulum
814 777 1021 838 coercebatur.
1088 776 1190 838 Αιιὶιιιὶ

89 903 203 942 eorum
218 883 320 964 potius
336 903 374 944 eo
389 885 656 957 convertebantur,
677 889 712 942 ut
730 881 789 942 sibi
801 889 956 958 caverent,
980 903 1018 943 ne
1033 883 1188 944 erroribus

89 986 130 1050 ά
151 989 232 1048 vitiis
250 971 487 1056 increscentibus
516 991 735 1051 seducerentur
754 986 892 1070 adeoque
916 995 1042 1070 sperate
1063 987 1189 1050 felicita·

89 1094 136 1154 tis
149 1091 300 1174 jacturam
320 1095 511 1173 lacerent-¹).
625 1101 628 1115 '

545 1253 690 1340 an.
763 1287 769 1297 ‚

92 1401 178 1469 aaut
196 1401 304 1456 trater
326 1402 551 1460 Gortmbtoe
566 1402 775 1467 acconam,
801 1381 853 1455 ὅτι
877 1380 1040 1492 ῶνῶςασις
1059 1387 1189 1474 νεκρῶν

142 1492 205 1566 ονίι
227 1503 330 1578 ἔστιν,
353 1513 389 1586 d·
405 1516 476 1584 quc
493 1517 600 1572 trater
617 1516 811 1584 Ephesios
830 1515 1135 1579 contendebant.

362 1639 429 1699 την
453 1609 618 1692 dedecoro
639 1613 706 1703 ἤδη
733 1618 919 1706 γεγονέναι.

188 1760 396 1824 crassioribus
427 1763 489 1824 illis
519 1765 715 1839 notionibus,
749 1786 824 1848 quas
854 1786 923 1825 eum
946 1763 1187 1844 exspectationes

92 1875 160 1928 tum
182 1868 273 1928 dubia
292 1862 532 1930 Christianorum
552 1870 868 1932 Thessalonicensium
887 1869 926 1930 de
947 1869 1047 1929 reditu
1067 1869 1189 1930 Domini

93 1979 346 2055 mortuorumque
376 1975 599 2035 resurrectione
615 1977 816 2048 'referebant,
851 1975 991 2056 opposita
1019 1982 1084 2034 erat
1111 1975 1188 2034 ratio
1273 2009 1276 2014 ·

90 2077 224 2138 aliorum
247 2079 446 2160 quorumdam
468 2079 730 2156 Christianorum,
766 2103 843 2164 qnos
873 2081 1005 2142 studium
1026 2074 1188 2144 institutio·

87 2203 162 2242 nem
181 2183 384 2265 evangelicam
408 2185 548 2246 subtilius
575 2185 749 2267 explicandi
765 2207 803 2247 eo
816 2185 978 2246 adduxisse
1001 2185 1130 2258 videtur,
1154 2192 1189 2245 ut

88 2309 183 2370 quam
207 2288 375 2354 doctrinam
394 2291 441 2350 illi
461 2292 544 2352 vanis
572 2289 743 2352 fictionibus
765 2267 975 2372 exornassebt,
1007 2289 1135 2350 eandem
1155 2287 1187 2348 1ιί

87 2393 131 2453 ιιι1
156 2393 293 2474 frigidam
315 2394 490 2476 allegoriam
512 2403 703 2457 revocarent.

183 2499 221 2560 ln
248 2500 378 2580 epistola
407 2501 497 2561 Pauli
524 2501 564 2562 ad
591 2493 771 2562 Corinthios
803 2501 851 2562 1το
874 2499 928 2573 15,
959 2499 1001 2562 12
1027 2497 1184 2580 apostolus

88 2603 287 2664 mirabundus
309 2627 326 2664 a
345 2605 510 2666 Corinthiis
544 2607 705 2689 quoesieita
750 2605 798 2672 El
820 2595 952 2691 Χριςος
982 2595 1184 2690 κηρύσσεται

89 2703 147 2774 ὅτι
166 2713 202 2774 ἐκ
220 2710 349 2796 νεκρῶν
366 2703 554 2799 ἐγήγερται,
573 2711 660 2787 πῶς
679 2711 831 2799 le'y'eot
851 2733 973 2783 τινες
995 2702 1084 2776 ἐν“
1061 2721 1184 2796 υμῖν,

88 2806 410 2900 ὅτι-ῶνῶςασις
433 2817 601 2904 νεκρῶν
620 2811 698 2884 οὐκ
719 2820 860 2896 docem
882 2818 916 2893 (l
939 2815 1015 2874 Gor.
1038 2814 1092 2884 15,
1115 2815 1184 2889 1²)-

89 2919 238 2997 Quaenam
257 2934 343 2992 svero
376 2923 468 2981 fuerit
491 2924 568 2982 ratio
598 2923 708 2981 borum
738 2909 974 2987 inficiatorum,'
993 2915 1113 2973 difficile
1138 2922 1186 2974 est

89 3027 260 3088 accuratius
282 3027 478 3087 constituere.
524 3027 603 3086 Nam
623 3029 735 3104 preter
755 3019 834 3080 illud
856 3017 1036 3080 Paulinum:
1073 3016 1184 3104 λέγεσι

88 3153 184 3204 «τινες
207 3136 244 3199 ἐν
272 3125 378 3217 ὑμῖν,
412 3124 465 3195 ὅτι
493 3119 655 3202 α’ναςασις
685 3121 813 3209 νεκρῶν
842 3113 904 3188 οῶκ
936 3124 1046 3197 ἔστιν,
1081 3121 1183 3184 nullus

90 3244 193 3297 certos
219 3237 280 3297 boc
309 3237 463 3296 bominum
491 3255 586 3316 genus
619 3227 821 3313 cognoscendi
851 3228 918 3288 fons
952 3227 1040 3288 nobis
1067 3237 1182 3311 proesto
1220 3273 1225 3290 .

90 3349 150 3402 est.
195 3342 339 3403 Diversae
360 3341 482 3423 quidem
503 3338 687 3422 bypotbeses
708 3335 748 3396 ad
768 3333 801 3394 id
820 3331 1031 3394 illustrandum
1046 3333 1182 3419 theologi

91 3455 331 3530 proposuerunt,
356 3467 448 3529 quum
468 3445 519 3507 vel
538 3443 739 3525 objectiones,
761 3460 835 3522 quas
850 3437 965 3500 Paulus
985 3441 1093 3502 eodem
1112 3442 1182 3504 loeo

90 3557 174 3640 (cap.
202 3553 292 3636 XV.)
325 3560 430 3613 contra
459 3551 625 3612 doctrinam
655 3547 694 3609 de
724 3545 946 3608 resurrectione
977 3545 1083 3609 allatas
1115 3568 1182 3608 esse

87 3681 327 3744 praeaopponere
348 3657 490 3730 videtur,
511 3655 572 3718 vel
593 3657 780 3734 argumenta,
804 3648 911 3734 quibus
932 3653 1087 3734 apostolus
1105 3652 1183 3712 banc
1233 3655 1236 3662 '

89 3766 188 3848 ipsam
215 3765 381 3826 doctrinam
409 3763 540 3846 probare
572 3761 808 3840 confirmareque
839 3757 962 3830 studet,
997 3758 1184 3837 respicerent

90 3879 182 3953 atque
216 3871 248 3932 in
273 3871 417 3934 auxilium
455 3871 609 3930 vocarent.
674 3861 810 3937 Verum,
844 3871 879 3924 ut
903 3865 981 3924 seito
1011 3857 1183 3920 observavit

109 4043 141 4112 1)
152 4031 220 4098 'cra
241 4040 337 4113 Koppe
355 4043 514 4100 comment.
530 4039 558 4096 in
577 4039 595 4092 2
612 4057 656 4112 cp.
679 4039 714 4092 nd
733 4037 834 4093 Thoar.
