2864 4712
157 479 163 489 “
250 490 329 553 cnm,
355 477 484 540 eundem
504 477 667 539 laetiasimse
688 453 837 537 libertatis
859 475 891 538 ά
915 477 984 538 vitm
1007 497 1128 537 sensnm
1149 479 1181 540 in
1201 477 1269 538 aliis
1292 499 1354 541 ex·

252 588 391 650 citarent.
445 583 629 645 Societatem
651 581 785 644 condere
807 581 982 657 studebant,
1023 581 1111 665 cnjus
1129 583 1264 644 membra
1283 583 1351 644 tide

252 694 377 758 Christo
405 689 508 752 babita
537 691 640 750 intime
673 688 780 772 juncta
809 688 995 752 volantatem
1030 687 1161 751 divinem
1186 690 1352 752 sentiendo

252 799 432 884 agendoque
471 797 514 856 its
549 796 774 878 exprimerent,
817 801 853 856 nt
880 803 969 858 antes
992 795 1129 884 ¹quidem
1159 817 1177 856 a
1212 795 1353 878 prophe·

152 921 156 938 ¹
252 907 292 968 tis
326 903 418 966 ideali
454 904 571 964 ratione
611 903 786 985 depictum,
836 901 918 962 haud
953 921 1027 964 vero
1063 923 1194 984 unquam
1238 921 1352 984 reapse

254 1013 392 1075 effectum
413 1017 490 1071 erat.
545 1010 623 1071 Nam
646 1009 736 1069 etiam
763 1007 922 1091 prophetis
962 1008 995 1070 id
1025 1009 1214 1090 propositum
1234 996 1349 1082 tuerat,

253 1125 289 1180 ut
312 1116 438 1179 Judaos
461 1138 479 1177 a
505 1137 584 1177 rano
607 1121 734 1176 externo
757 1115 817 1176 Dei
845 1114 929 1175 cnltn
959 1113 999 1175 ad
1030 1115 1177 1177 sinceram
1204 1115 1346 1197 pietatem

255 1232 346 1307 atque
368 1221 471 1286 rers'm
491 1222 523 1283 in
546 1221 646 1282 [lenm
667 1221 871 1282 obedientlam
890 1227 1089 1295 revocarent3
1123 1243 1229 1284 rernm
1249 1221 1346 1280 stnslia

256 1351 362 1390 eornm
390 1317 510 1390 nonnisi
542 1319 618 1394 σκιά
649 1325 718 1394 τῶν
746 1317 943 1414 μελλόντων
980 1329 1122 1401 inerunt,
1160 1328 1258 1388 donec
1293 1345 1352 1408 per

257 1434 427 1508 Christum,
448 1454 514 1518 qne
535 1435 630 1496 sancti
652 1434 700 1495 illi
719 1429 780 1495 Dei
807 1434 943 1496 homines
963 1436 1197 1519 praesagierant,
1240 1439 1355 1495 eventu

258 1539 455 1622 comprobata
478 1547 510 1600 et
529 1541 652 1623 expleta
669 1547 750 1602 sont.

348 1645 408 1706 His
420 1646 513 1728 igitur
531 1647 669 1708 omnibns
686 1669 749 1708 non
759 1647 869 1721 inerat,
893 1647 976 1731 qnod
988 1647 1144 1732 apostolos
1161 1653 1357 1730 caeterosqne

257 1751 338 1813 Jesn
359 1758 525 1814 sectatores
549 1773 569 1813 a
590 1753 749 1835 disciplina
771 1754 906 1817 ltlosaioa
928 1753 1133 1826 abalienaret3
1163 1753 1254 1814 immo
1279 1771 1358 1816 vero

258 1877 447 1940 pernoram
469 1857 573 1932 fidem,
595 1881 685 1941 qnam
708 1859 843 1941 amplexi
861 1867 959 1933 erant,
988 1859 1150 1922 alacriores
1167 1851 1263 1920 ¹etism
1284 1861 1359 1922 sacti

260 1970 332 2024 snnt
353 1963 393 2024 ad
415 1965 511 2024 officia
531 1965 714 2046 praestanda,
741 1987 807 2047 qum
822 1967 906 2026 Dens
929 1985 986 2046 per
998 1965 1108 2027 ltlosen
1127 1966 1244 2048 populo
1255 1966 1359 2027 lsrae-

260 2067 346 2130 litico
369 2069 588 2151 imperaverat3
610 2091 672 2130 non
693 2071 825 2152 amplios¹
839 2072 872 2131 in
890 2072 997 2153 ignava
1015 2069 1047 2132 st
1061 2078 1185 2132 externa
1204 2071 1284 2153 legis
1302 2074 1359 2138 ob-

166 2248 169 2253 ·
263 2175 413 2238 servantia
432 2176 676 2259 acquiescebant,
699 2175 755 2237 sed
774 2183 840 2238 toto
863 2161 961 2238 anino
987 2176 1019 2238 in
1037 2197 1074 2238 eo
1096 2179 1236 2260 occupati
1257 2189 1359 2254 erant,

262 2274 297 2342 ot
315 2287 436 2364 promto
459 2281 490 2344 st
510 2283 629 2343 intenso
652 2282 753 2342 studio
781 2284 951 2366 praeceptis,
970 2283 1047 2366 legis
1072 2283 1219 2346 divina-e
1241 2285 1362 2348 sincere

264 2393 365 2450 mente
378 2385 557 2470 obsequium
574 2395 764 2470 prestarent.
810 2391 938 2452 Constat
949 2389 1083 2473 quidem,
1104 2390 1182 2450 Jesn
1196 2378 1360 2454 etiamnum

264 2495 400 2568 vivente,
422 2493 605 2566 Pharisaeos,
632 2494 703 2556 odio
715 2494 746 2558 sb
760 2497 918 2558 fanetismo
932 2495 1084 2571 incensos,
1108 2504 1274 2564 sectatores
1292 2499 1359 2581 ejns

266 2600 455 2662 anathemate
481 2599 617 2682 plectere
648 2607 739 2684 atque
762 2603 970 2664 communione
998 2623 1152 2664 sacrorum
1166 2602 1355 2684 judaicorum

266 2706 407 2788 indignos
430 2707 625 2788 pronuntiare
647 2707 802 2768 studuisse
828 2707 918 2787 (Job.
937 2711 972 2783 s,
996 2709 1050 2772 22.
1074 2709 1128 2782 12,
1151 2710 1229 2786 42);
1253 2731 1359 2773 verum

266 2812 402 2876 Nmraei
421 2813 481 2895 ipsi
499 2813 692 2874 remotissimi
717 2821 803 2874 erant
828 2837 846 2874 a
875 2814 1055 2897 cogitatione
1079 2816 1118 2878 (te
1139 2815 1267 2877 vinculis
1287 2817 1363 2876 reli·

267 2918 366 3002 pionis
390 2917 421 2982 ὠ
443 2916 585 2992 civitatis,
607 2920 716 3002 quibus
738 2939 806 2982 oum
825 2921 1023 3003 popularibus
1039 2920 1138 3002 juncti
1161 2929 1274 2994 omont,
1296 2921 1364 2982 slis·

268 3023 435 3087 solvendis.
485 3023 580 3106 Cujus
598 3025 648 3086 rei·
661 3025 756 3086 multa
776 3032 896 3087 exstant
919 3028 1089 3088 testimonia
1116 3025 1148 3087 in
1170 3027 1255 3090 Aetia
1275 3025 1367 3110 Apo·

268 3131 429 3194 stolorum.
480 3130 623 3214 Apostoli
646 3131 677 3194 ὠ
698 3133 751 3216 qni
774 3153 843 3193 cnm
863 3131 900 3193 iis
923 3133 1046 3195 Christo
1070 3153 1180 3194 nomen
1201 3134 1364 3210 dederant,

269 3237 417 3318 templum
439 3246 669 3322 conventusque·
681 3239 862 3302 Judaeorum
877 3261 979 3302 secros
996 3241 1150 3302 celebrare
1171 3242 1363 3322 pergebant:

270 3325 343 3406 Aetss
365 3342 400 3414 2,
424 3342 478 3403 40.
500 3343 535 3415 b,
555 3346 607 3406 12.
629 3345 700 3406 Jac.
724 3347 759 3418 2,
779 3347 820 3418 23
851 3347 1152 3429 temporn'precibns
1181 3347 1367 3412 dicatacum
1426 3355 1427 3416 ι

271 3445 398 3529 reliqnis
420 3447 537 3509 Jndaeis
557 3441 768 3527 observabant,
792 3447 1075 3527 net.8,1.1o;e.
1123 3453 1269 3530 Qtsamris
1291 3475 1367 3536 pro·

159 3615 162 3625 ,
274 3573 360 3614 ceres
376 3553 556 3614 Judaorum
569 3554 761 3616 intensissimi
783 3565 884 3618 essent
899 3557 1070 3620 hominibus
1086 3557 1161 3632 illis,
1185 3559 1238 3642 qni
1253 3581 1367 3623 cruen-
1426 3553 1427 3572 ¹

273 3663 335 3719 tam
355 3665 482 3747 mortem
503 3660 581 3720 «Iesu
609 3661 684 3744 ipsis
715 3663 934 3744 exprobrarent
963 3651 1047 3742 (Aet.
1069 3662 1103 3737 ὗ,
1124 3665 1194 3743 28),
1226 3665 1367 3728 crimina-

273 3765 387 3852 tionem
407 3771 507 3825 tamen
528 3766 646 3830 violate
675 3767 751 3850 legis
774 3769 916 3832 Mosaios
943 3769 975 3830 in
996 3780 1131 3832 coenon
1154 3768 1368 3852 conjecerunt,

275 3871 359 3954 qnod
380 3878 462 3932 certe
485 3871 566 3934 baud
586 3874 828 3950 immisissent,
862 3874 889 3936 si
910 3874 998 3956 eopia
1019 3874 1093 3957 ipsis
1114 3876 1191 3936 facta
1213 3883 1298 3937 esset
1322 3879 1370 3938 in«

276 3976 370 4040 visens
394 3977 471 4038 banc
502 3987 613 4042 sectam
637 3981 800 4064 suspicioni
827 3979 859 4044 sis
885 3979 956 4042 otlio
975 3981 1075 4064 plebis
1093 3980 1223 4064 judaicas
1243 3981 1304 4044 bae
1329 4006 1370 4046 cx

275 4090 362 4168 parte
386 4083 576 4167 subjiciendi,
599 4088 645 4166 (id
667 4089 750 4172 quod
771 4086 896 4149 historia
916 4089 1061 4174 Stephani
1082 4088 1114 4152 ste
1134 4087 1222 4153 Pauli
1246 4089 1369 4170 docet).
