2862 4708
350 293 433 382 tuu

282 521 439 600 sperantes
457 511 537 585 iore,
560 519 608 585 ut,
626 511 681 572 illa
704 529 863 583 concussa,
891 511 1066 591 graviminna
1085 512 1304 592 impedimenta
1333 536 1380 576 re·

217 649 222 658 ·
281 625 488 690 mouerentur,
511 637 581 699 quue
598 616 760 676 etiamnum
776 615 911 675 consiliis
933 616 1070 697 ipsorum
1085 617 1257 681 obstarent.
1305 620 1379 680 Nam

281 747 374 811 quum
407 721 519 804 reliqui
549 721 628 781 «lesu
652 721 815 802 Apostoli,
852 721 905 802 qui
932 722 1121 802 potissimum
1147 723 1231 782 inter
1254 723 1378 785 «ludens

280 828 448 914 apostoliea
467 825 669 905 iungebantur
689 826 858 906 provincia,
886 834 918 886 et
935 827 996 908 ipsi
1014 827 1115 908 legem
1134 829 1307 888 lllosaicam
1329 830 1376 889 oh·

280 939 438 997 sensnm
467 938 500 992 et
528 931 626 1004 alios,
660 931 818 1013 quominus
845 931 928 990 idem
956 939 1157 1014 sequerentur
1191 934 1374 1014 exemplum,

280 1061 343 1102 nou
364 1037 582 1120 prohiberent,
619 1037 688 1098 vani
716 1035 763 1094 illi
786 1035 923 1096 homiues
946 1045 998 1096 aut
1019 1057 1092 1098 vere
1113 1037 1174 1121 sihi
1200 1059 1374 1118 persuasum

279 1144 445 1215 habebant,
470 1141 605 1224 reliquus
624 1141 703 1201 «lesu
720 1140 837 1220 legatos
858 1147 971 1221 praeter
987 1142 1117 1203 Paulum
1139 1163 1247 1204 secum
1267 1144 1373 1218 facere,

278 1258 332 1311 ant
349 1249 426 1310 hane
444 1246 669 1327 persuasionem
692 1242 759 1306 aliis
780 1245 901 1307 saltem.
916 1267 1079 1328 suggerere
1101 1247 1289 1320 studebant,
1317 1268 1370 1330 quo

279 1351 479 1416 confidentius
501 1371 622 1410 errores
643 1371 715 1412 auos
736 1359 926 1432 spargerent.

368 1457 419 1519 Ex
441 1475 478 1515 ea
506 1454 644 1528 udone,
685 1477 745 1538 qua
766 1457 882 1518 Paulus
914 1477 1034 1517 causam
1065 1477 1150 1516 suam
1179 1454 1320 1516 defendit
1344 1454 1371 1514 iu
1420 1505 1421 1510 ,

278 1559 409 1643 epistola
434 1559 473 1620 ad
491 1558 613 1622 Galatas
636 1562 820 1643 conscripta,
841 1563 874 1622 in
893 1563 1068 1622 universum
1088 1560 1268 1642 perspicere
1291 1560 1368 1631 licet,

278 1666 353 1750 qnid
374 1665 443 1726 ialsi
467 1665 609 1727 doctores
631 1666 663 1726 in
683 1665 731 1726 his
752 1667 926 1748 regionibus
947 1666 1140 1738 molirentur,
1171 1673 1208 1724 nt
1229 1666 1272 1724 de
1292 1673 1369 1724 anto·

277 1772 367 1836 ritate
405 1767 471 1851 ejus
509 1769 731 1832 detraheretur.
800 1771 937 1833 Primum
964 1771 1167 1851 suspicionum
1198 1770 1369 1837 Galatarum

278 1884 384 1938 contra
410 1895 480 1936 cnm
508 1895 631 1936 movere
658 1876 820 1938 studebant
829 1895 842 1949 ,'
876 1877 960 1960 quod
988 1897 1049 1938 non
1079 1876 1188 1936 inisset
1208 1897 1224 1936 e
1248 1895 1368 1937 numero

276 2001 396 2052 eorum,
418 1980 472 2062 qui
492 2001 562 2040 cum
582 1979 706 2042 Christo
727 1981 785 2044 lunc
806 1983 940 2043 interra
962 1981 1074 2043 versati
1095 1989 1210 2040 essent.
1254 1981 1367 2042 Deinde
1420 1977 1421 1996 ¹

277 2085 393 2148 Galatis
415 2085 600 2165 persuadere
623 2085 788 2159 volebant,
822 2088 991 2148 doctrinam
1013 2087 1103 2150 Pauli
1125 2086 1164 2146 ab
1191 2107 1249 2159 ea,
1285 2107 1366 2168 qnam

274 2190 377 2252 caeteri
397 2191 475 2251 «lesu
495 2189 637 2272 Apostoli
652 2191 819 2265 traderent,
841 2193 1011 2254 discedere.
1042 2192 1365 2272 Porro-unspicionen

274 2297 459 2370 excitabant,
480 2295 684 2377 Apostolum,
707 2303 742 2358 ut
765 2299 921 2378 gentilium
943 2299 1078 2359 favorem
1100 2297 1159 2358 sibi
1179 2299 1363 2367 conciliaret,

272 2401 306 2462 in
323 2401 479 2481 cvangelio
492 2403 687 2480 praedicando
707 2424 770 2464 nnn
790 2424 910 2485 semper
922 2404 1143 2474 altinensium,
1162 2403 1241 2462 adeo
1264 2411 1364 2462 utens
1420 2465 1421 2472 g

272 2503 399 2576 celaret,
434 2523 504 2585 quae
524 2511 625 2568 tamen
650 2506 690 2568 ad
715 2507 864 2591 integram
893 2508 1021 2570 salutem
1050 2507 1246 2570 obtinendam
1258 2510 1288 2588 ¹)
1318 2527 1363 2566 ue·

271 2643 504 2664 W

236 2711 244 2738 ⁴
288 2720 321 2790 1)
339 2719 406 2774 (iel.
424 2719 451 2786 1,
469 2719 513 2775 1⁰.
527 2713 589 2793 igue
606 2719 658 2792 reip
667 2719 835 2794 ,μ’νθρῶπουσ
847 2727 937 2780 πείθω
953 2717 970 2792 ii
983 2721 1031 2780 riu
1042 2720 1127 2788 daim
1141 2719 1160 2792 ἦ
1172 2721 1246 2793 ζητῶ
1261 2719 1362 2792 ἀνθρώ-

339 2805 556 2882 nuncupatorum
581 2809 607 2869 si
623 2809 674 2886 peip
697 2814 736 2868 tu
761 2811 919 2885 ἀνθρώποις
945 2811 1070 2885 ἤρεσκον,
1099 2813 1189 2889 Χριςέ
1205 2812 1300 2872 δοῦλοε
1319 2812 1360 2870 oia

337 2896 372 2960 ir
387 2898 469 2974 ἤμην.
518 2904 658 2959 Schrader
682 2902 828 2978 ἀνθρώπων
854 2909 889 2960 de
911 2907 1016 2962 ludaeis
1035 2906 1060 2959 i(
1078 2906 1248 2960 Christianis
1271 2905 1361 2972 judai-

338 2997 470 3052 zantibus
489 2995 629 3066 explicnt3
655 2998 704 3052 sed
722 2999 829 3052 rectius
841 2997 973 3052 Neandcr
984 2999 1035 3068 Ap.
1055 2997 1087 3051 G.
1104 2998 1125 3050 l.
1141 3017 1168 3067 p.
1180 2997 1233 3051 286
1245 2995 1360 3050 Annuit
1420 3051 1421 3074 ,

337 3087 465 3143 ''Pnulus
492 3087 554 3142 will
580 3072 640 3141 sich
674 3105 766 3159 gegen
800 3089 846 3143 dic
870 3090 1106 3160 Buschutdigung
1138 3089 1190 3140 der
1217 3088 1361 3140 Jndniaten

334 3179 551 3250 rechtt'ertigen,
570 3181 613 3232 als
631 3181 667 3233 ob
687 3180 774 3234 erdia
788 3181 882 3234 Iretrrc
894 3181 1000 3236 Christi
1018 3179 1195 3235 willlirrtich
1207 3179 1362 3232 vertitsctrt

336 3269 423 3336 haba,
443 3288 491 3324 um
510 3270 551 3323 sie
568 3272 622 3324 den
640 3271 751 3325 Heldua
777 3272 902 3342 gunnig
925 3291 961 3327 nu
979 3273 1109 3326 macher.
1155 3272 1214 3324 Dus
1232 3266 1297 3339 dign
1313 3272 1360 3324 be-

325 3350 465 3414 'antennor
483 3362 536 3414 den
556 3362 703 3432 Gegensun
728 3355 1098 3434 ratnar*1{andtungswatsa
1117 3363 1161 3416 als
1178 3357 1270 3420 initae
1278 3358 1361 3430 Χριςέ

333 3465 426 3520 gegen
445 3451 504 3504 suin
523 3452 655 3507 trttlrcres
676 3455 924 3518 Pharisierthnnr,
955 3455 1008 3508 nia
1027 3472 1058 3508 er
1078 3455 1166 3508 selbot
1185 3453 1285 3518 diesen
1305 3454 1358 3506 Ge-

263 3587 267 3596 ,
335 3555 439 3610 gensau
458 3543 661 3598 hervorhebt·”
700 3547 783 3601 lianc
796 3547 1022 3601 criminationem
1037 3543 1267 3600 adversariorum
1279 3543 1360 3598 Pauli
1420 3557 1421 3582 ὲ

328 3631 390 3698 jum
409 3637 503 3700 patres
522 3633 632 3702 antiqui
649 3651 682 3689 ex
707 3639 770 3692 loco
788 3645 883 3694 nostro
897 3638 1065 3702 elidebant.
1106 3639 1151 3691 ltu
1171 3635 1357 3697 oecumenius,

331 3721 395 3774 vide
419 3721 527 3785 Ueteri,
559 3725 704 3782 comment.
733 3730 801 3782 siber
830 3731 883 3783 den
910 3730 958 3782 Br.
980 3727 1014 3782 P.
1042 3745 1079 3781 an
1105 3727 1149 3780 dic
1171 3721 1241 3780 Gal.
1269 3747 1297 3797 p.
1316 3725 1356 3778 lt).
1420 3743 1421 3752 ¹

329 3813 436 3878 Sciron,
463 3814 566 3878 itiner,
594 3817 702 3888 Kappu
728 3819 861 3873 Matthias
879 3821 909 3874 in
928 3824 1090 3874 commentt.
1115 3817 1173 3872 suis
1197 3817 1356 3872 accuratio·
1420 3847 1421 3852 κ

328 3923 390 3960 rcnr
410 3907 542 3959 vocabuli
559 3902 698 3979 inueniret
716 3909 935 3980 explicationem
949 3929 1004 3966 nnn
1022 3906 1242 3982 proposuerunt,
1259 3909 1288 3962 in
1307 3924 1355 3962 uo·
1420 3917 1421 3974 ζ

262 4025 265 4032 .
329 3997 406 4052 tione
426 3987 641 4074 universaliora
656 4003 839 4058 subsistentes
866 4005 901 4056 de
919 4003 1014 4058 studio
1034 3999 1198 4058 hominibus
1216 3997 1353 4069 placendi.

328 4091 396 4160 Quo
414 4107 481 4146 vero
502 4088 652 4163 exputicutio
673 4091 702 4148 in
724 4099 801 4152 textu
819 4101 915 4152 nostro
935 4094 1080 4165 proposita
1101 4099 1151 4159 cst,
1171 4089 1352 4150 oecumeniu
1420 4077 1421 4084 ἵ
