2862 4708
779 516 852 600 ss.

701 645 746 712 Oi
770 637 943 718 ἀσθενεῖς.

360 777 432 839 Jsm
453 798 492 838 ex
514 777 565 851 iis,
587 795 653 860 que
675 775 744 860 ia§
766 779 789 841 *t
809 777 1037 860 disputavimus,
1059 773 1207 851 elucebit,
1232 797 1363 861 qnaenam

271 887 303 946 in
325 885 497 946 universnm
528 883 619 945 luerit
649 885 726 944 ratio
758 905 883 956 eorum,
915 905 991 965 quos
1016 883 1132 944 Paulus
1155 885 1188 942 in
1210 885 1312 965 priori
1331 885 1363 943 sd

272 991 448 1052 Corinthios
469 989 597 1073 epistola
620 981 678 1063 ‘cde
701 981 873 1064 α’σθενεῖς,
897 981 957 1062 asic
978 982 1197 1062 οἶσθενῡντας
1216 989 1361 1071 designat.
1425 985 1426 996 ’

271 1097 367 1158 Erant
386 1097 522 1158 homines
552 1096 633 1157 cum'
647 1093 1025 1157 adada-Christianis
1056 1101 1123 1153 tum
1151 1116 1192 1154 ex
1222 1095 1361 1156 Etbnico-

271 1203 472 1277 Christianis,
504 1203 569 1286 qui,
602 1224 694 1284 quum
715 1199 938 1282 superstitiosas
962 1199 1119 1282 opiniones
1142 1201 1182 1261 de
1205 1201 1360 1262 namn&

270 1317 421 1391 potestate
445 1309 597 1374 idolorum
617 1329 679 1368 non
701 1308 821 1367 omnino
845 1307 1011 1381 exuissent,
1036 1307 1272 1367 celebrationem
1287 1328 1354 1387 epu·

270 1413 381 1487 larum,
407 1435 481 1496 quas
502 1413 643 1495 gentiles,
665 1413 817 1473 sacrificiis
838 1413 991 1496 peractis,
1023 1413 1244 1486 instituebant,
1274 1413 1356 1473 immo

271 1521 369 1600 ipsam
392 1541 476 1580 esum
497 1519 757 1603 idolothytorum,
787 1541 854 1604 quae
875 1519 906 1580 in
930 1519 1065 1580 macellis
1089 1517 1286 1591 vendebatur,
1318 1517 1355 1576 ad

271 1625 385 1686 cultum
422 1625 573 1687 idolorum
608 1627 779 1701 referrent,
831 1628 962 1708 ideoque
994 1647 1056 1686 non
1092 1624 1194 1686 solum
1229 1607 1285 1706 ipsi
1320 1625 1355 1684 ab
1423 1703 1424 1706 Ἴ

269 1731 317 1794 bis
338 1731 430 1794 rebus
451 1732 581 1794 sollicite
603 1733 801 1809 abstinerent,
833 1755 940 1796 verum
963 1731 1051 1830 etiam
1073 1752 1139 1804 eos,
1165 1732 1219 1814 qui
1238 1731 1356 1792 liberius
1419 1709 1424 1721 Ι

270 1839 436 1914 sentirent,
465 1841 596 1902 levitatis
625 1841 830 1924 vituperandae
860 1858 1000 1900 accusare
1022 1837 1168 1898 solerent.
1219 1837 1357 1898 Ostendi-

270 1967 349 2018 mus,
384 1967 517 2028 qumnam
547 1945 669 2008 dissidia
694 1946 725 2009 de
746 1947 824 2008 mala
846 1945 917 2006 inde
949 1951 1015 2006 orta
1043 1944 1122 2017 sint,
1156 1941 1189 2004 de
1211 1943 1357 2028 quomodo

269 2052 384 2114 Paulos
407 2053 443 2111 iis
466 2051 580 2114 mederi
599 2052 759 2113 studuerit.

358 2158 423 2220 Sed
444 2179 510 2242 qoae
533 2157 565 2218 in
587 2157 764 2220 Christianis
789 2155 990 2220 Corinthiacis
1020 2157 1202 2218 observator
1228 2159 1355 2218 anxietas

269 2263 307 2326 tle
330 2264 506 2348 idolothytis
528 2266 734 2340 comedendis,
755 2265 860 2326 eudem
877 2265 914 2324 de
937 2263 1003 2324 aliis
1023 2284 1143 2346 qnoque
1165 2263 1276 2337 rebus,
1298 2284 1357 2346 qoae

268 2391 324 2452 pes·
345 2392 392 2444 se,
414 2371 510 2432 Paulo
531 2369 635 2452 judice
647 2417 658 2447 ,
690 2365 887 2458 α’διαφοροῑς
910 2369 1130 2432 annumeranda
1143 2377 1271 2442 'essent,
1302 2371 1355 2429 ani-

266 2496 334 2536 mos
368 2475 495 2536 aliorum
527 2479 714 2558 quorundam
746 2479 986 2562 Christianorum
1023 2496 1186 2556 suspensos
1225 2477 1354 2536 tenebat.

268 2581 320 2642 Sic
348 2581 380 2640 in
412 2581 540 2663 epistola
565 2583 655 2649 Pauli
686 2585 724 2645 ad
753 2585 907 2654 Romanos
948 2583 1017 2642 data
1049 2575 1212 2654 ἀσθενεῖς
1240 2583 1355 2665 quidam

267 2694 537 2751 commemorantur
558 2688 664 2766 (Rom.
685 2693 740 2763 ld,
757 2693 793 2752 1.
812 2691 845 2754 2.
868 2691 950 2768 21.),
975 2688 1027 2770 qui
1048 2687 1188 2769 religioni
1210 2689 1354 2758 ducebant

239 2855 240 2858 ,
267 2792 406 2855 cunibus
423 2794 518 2867 vesci,
547 2793 649 2858 vinum
671 2795 799 2868 bibere,
835 2795 899 2859 dios
921 2795 1066 2876 qniosdam
1087 2795 1212 2875 (festos)
1234 2795 1355 2875 reliquis

220 2881 223 2886 ἱ
266 2901 373 2962 dicbus
394 2901 577 2984 equiparare
598 2904 663 2980 (vv.
680 2903 747 2964 3-o.
763 2904 846 2981 21.).
895 2901 1039 2984 Plerique
1065 2901 1187 2983 quidem
1210 2901 1354 2962 existima·

158 3013 161 3020 '
264 3017 356 3084 runt,
391 3009 448 3070 bos
472 3008 608 3076 homines
630 3009 723 3072 finisse
746 3007 1093 3080 dudeco-Christianos,
1127 3008 1181 3088 qui
1203 3015 1354 3089 praecepta

263 3116 385 3180 levitica
415 3117 454 3176 de
472 3116 554 3188 cibo,
582 3122 676 3198 potu,
706 3115 813 3178 diebus
837 3115 922 3174 lestis
946 3111 1105 3194 violare1)
1128 3134 1190 3172 non
1211 3114 1354 3175 auderent

264 3222 382 3302 (Clam.
414 3223 505 3282 Alex.
540 3221 666 3306 Oriqin.
702 3221 858 3302 Chrysost.
892 3219 1043 3280 Tlteodor.
1074 3217 1208 3281 Hieron.
1229 3219 1352 3282 Reicies.

262 3325 429 3408 Iidllner),·
451 3327 506 3389 sed
526 3335 679 3412 praeeepte
701 3327 822 3389 levitica
842 3327 961 3387 minime
986 3323 1219 3402 interdicebant,
1241 3347 1281 3385 ne
1302 3325 1353 3385 bo-

262 3433 357 3494 mincs
380 3453 469 3494 carne
492 3435 543 3494 vel
563 3436 633 3498 vino
649 3435 770 3499 omnino
794 3435 978 3518 fruerentur.
1021 3431 1084 3493 Alii
1105 3431 1142 3490 de
1161 3432 1273 3492 ascetis
1292 3431 1353 3514 qui-

262 3539 407 3610 busdam,
440 3539 492 3620 qni
520 3539 638 3620 placitis
659 3541 844 3604 Essenornm
867 3539 1013 3620 (Semler.
1036 3536 1175 3620 duppe.)
1199 3537 1252 3597 vel
1275 3539 1352 3600 Neo·

217 3695 221 3700 ,
262 3637 528 3726 Pythagoreorum
552 3645 746 3727 (Eiectum)
770 3645 882 3710 addicti
906 3651 1019 3718 essent,
1042 3644 1232 3725 cogitarunt3
1271 3642 1353 3724 cujus
1425 3671 1426 3682 ε

260 3752 414 3818 bominum
442 3751 560 3836 generis
591 3749 671 3814 baud
693 3755 788 3833 pinca
811 3751 1005 3830 reperiuntur
1030 3747 1169 3830 exempla
1197 3749 1229 3808 in
1250 3771 1351 3810 monu-

262 3859 368 3919 mentis
391 3857 513 3922 illorum
533 3865 704 3938 temporum
725 3857 819 3940 (Vita
833 3856 962 3940 «loseph.
983 3877 1012 3916 c.
1033 3857 1066 3922 2.
1087 3855 1197 3918 Senec-
1210 3877 1262 3937 ep.
1279 3857 1350 3916 108.

264 3967 354 4050 Orip.
374 3988 401 4026 o.
429 3963 508 4026 Cels.
533 3963 574 4025 V.
600 3985 628 4026 c.
647 3965 700 4026 49.
728 3963 898 4046 Camopp.
918 3959 959 4023 L.
972 3961 1084 4024 Esset.
1108 3961 1139 4022 la.
1154 3983 1181 4024 e.
1195 3961 1238 4024 V.
1251 3983 1280 4022 c.
1294 3961 1350 4036 3),
1425 3967 1426 4036 l

385 4093 438 4105 ι-ψ-

277 4125 595 4212 t)1)c'ts01unyosh.
619 4142 637 4198 l·
660 4141 755 4197 utullus
776 4137 888 4196 omuino
908 4155 1000 4194 sernso
1022 4143 1071 4198 cst.
1132 4197 1135 4203 ,
