2864 4712
1079 261 1136 350 ⁷7

78 517 81 522 -
98 477 153 562 (p.
174 477 231 559 dl)
247 475 381 561 ideoque
403 473 532 558 gentiles
550 475 582 538 in
603 493 656 538 eos
674 475 857 540 exacerbare
873 477 1009 542 vehent:
1034 481 1113 544 lesa
1128 483 1200 552 Cre·

96 584 181 644 sara
203 583 380 644 mussona·
393 561 464 642 siros
486 582 630 642 cimmo
652 589 735 654 sunt,
758 584 841 665 quos
858 584 982 646 monn
1002 587 1115 670 uosque
1134 611 1200 652 so

94 695 233 760 ventes,
263 688 355 748 alium
378 687 532 759 dicerent,
565 708 600 747 ac
624 687 774 750 Cesaram
797 689 967 752 Romanurn
989 713 1058 754 esse
1081 713 1198 775 regem,

73 791 211 856 ‚Jemm
236 792 319 875 (Aet.
344 795 396 863 17,
414 791 467 873 7);
500 813 607 872 magna
631 793 741 852 deinde
770 793 1073 860 circumforaneum
1100 799 1199 862 homi·

95 919 178 958 num
198 898 287 958 turha
307 897 452 958 concitata
473 903 533 968 est,
559 917 629 980 quse
653 898 798 971 elamore,
821 907 854 960 nt
875 901 922 972 tit,
945 901 975 962 dc
994 903 1126 966 tumultu
1147 925 1197 964 re·

96 1001 221 1083 liqaum
241 1001 385 1082 populum
407 1007 498 1083 atque
519 1002 605 1082 ipsos
621 1004 813 1084 magistratus
832 1005 975 1067 tur-havit.
1022 1007 1197 1070 Observan-

96 1106 176 1165 dum
198 1127 269 1167 vero
289 1113 348 1180 est,
374 1106 627 1179 criminationem,
661 1127 727 1189 quae
748 1129 781 1170 v.
807 1109 1033 1180 icontinetur,
1070 1112 1108 1172 ah
1129 1111 1196 1186 illa,

92 1233 189 1292 qvam
212 1211 364 1293 Philippis
387 1211 538 1293 prolatam
558 1232 625 1272 esse
641 1220 729 1272 antea
751 1213 930 1288 andivimus,
953 1213 1086 1288 differre,
1110 1216 1196 1296 cujas

90 1317 177 1376 ratio
207 1317 277 1376 indo
312 1325 359 1377 est
388 1316 575 1398 repetenda,
618 1317 702 1400 guod
731 1325 922 1381 accusatores
956 1319 1196 1382 Chdstiauorum

91 1422 390 1484 Thessalonicenses
413 1420 519 1485 Jadoei
540 1431 643 1496 erant,
685 1423 730 1484 ffi
751 1424 830 1484 enim
856 1431 942 1485 caute
963 1425 1124 1498 evitantes,
1154 1445 1194 1487 ne

91 1525 289 1587 Christianos
313 1549 385 1588 reos
409 1529 556 1598 facerent,
586 1529 670 1610 quod
690 1549 784 1591 novas
809 1536 914 1590 contra
935 1529 1020 1610 leges
1040 1529 1194 1592 nonma-
1228 1581 1235 1600 ,

90 1653 168 1692 rum
191 1640 361 1710 pugnantes
384 1633 566 1691 caerimonias
589 1634 854 1705 commendarent,
883 1635 959 1716 (quo
982 1634 1070 1696 facile
1094 1635 1193 1716 indig-

91 1735 253 1795 nationem
273 1736 499 1815 magistratuum
521 1736 553 1794 in
574 1757 607 1794 se
630 1738 713 1816 ipsos
737 1744 915 1798 convertere
939 1737 1120 1816 potuissent)
1143 1759 1194 1798 au·

91 1842 268 1921 spicioncm
298 1859 422 1908 movere
456 1838 638 1911 studebant,
675 1840 863 1900 Christianos
890 1859 940 1898 res
971 1859 1063 1900 novas
1094 1841 1195 1904 moliri

90 1967 247 2026 ariumque
266 1945 324 2005 sihi
346 1943 458 2002 hahere
480 1942 561 2002 velle
583 1963 696 2024 regem.
756 1945 883 2005 Constat
905 1945 1040 2028 quidem,
1062 1946 1194 2012 Paulum

89 2059 126 2110 et
151 2051 278 2111 comites
306 2050 402 2130 ipsius
430 2047 628 2108 alienissimos
658 2049 696 2110 ah
729 2048 789 2110 hoc
819 2049 942 2110 crimine
970 2050 1074 2114 huso.
1128 2051 1193 2113 Sed

73 2157 287 2237 ¹magistratus
309 2154 443 2216 Romani
462 2173 524 2212 non
549 2153 707 2214 confestim
730 2177 748 2214 ιι
771 2175 805 2215 se
827 2156 989 2236 impetrare
1010 2163 1191 2235 potuerunt,

86 2269 125 2322 ut
156 2259 331 2320 huiusmodi
352 2258 575 2318 accusationem
601 2258 733 2340 ineptam
755 2259 982 2330 existimarent,
1022 2261 1191 2340 praesertim

92 2389 189 2448 quum
219 2366 359 2447 plerique
380 2363 561 2424 Judcomm
589 2385 705 2424 summo
732 2364 798 2424 iore
827 2371 1007 2446 putarentur
1032 2365 1192 2447 imperium

91 2474 266 2534 Romanum
290 2470 363 2530 odio
384 2469 496 2528 hahere
508 2511 519 2541 ,
559 2468 701 2550 Apostoli
730 2491 803 2531 vero
831 2479 945 2532 rectam
965 2472 1004 2532 de
1025 2473 1190 2536 servatma

93 2573 274 2636 sententiam
288 2595 349 2634 non
364 2573 429 2633 sine
448 2595 561 2634 summa
584 2573 758 2636 difficultate
780 2576 942 2656 gentilihus
965 2577 1096 2658 probare
1108 2565 1190 2658 'pos-

89 2690 176 2754 sent,
206 2682 258 2763 qui
278 2681 416 2742 notiones
440 2679 605 2742 Messianas
625 2679 715 2761 plane
737 2681 923 2762 ignorarent.
984 2682 1069 2758 Quid
1091 2682 1190 2744 vero?

89 2787 213 2847 Pilutus
232 2788 311 2867 ipse,
334 2786 383 2846 coi
403 2805 580 2866 persuasum
596 2793 680 2858 erat,
714 2807 841 2867 regnum
861 2787 976 2848 Christi
999 2787 1188 2860 aliudesse,

89 2913 127 2952 ac
158 2892 242 2973 quod
271 2891 363 2972 vulgo
386 2911 512 2971 reguum
533 2898 714 2962 vocaretur,
758 2893 834 2950 iram
855 2892 1046 2972 imperatoris
1075 2893 1189 2964 timuit,

87 2999 116 3058 si
135 2997 189 3056 hic
215 2996 406 3068 liberaretur,
451 2997 503 3078 qui
531 3016 635 3074 regem
671 3015 704 3053 se
742 2989 938 3072 appellasset.
970 3013 973 3030 ·
1009 2995 1053 3056 Ut
1086 3001 1189 3060 autem

88 3101 336 3183 Hierosolymis,
389 3101 432 3160 ita
472 3119 591 3180 quoque
629 3097 856 3158 Thess-lonico
891 3097 994 3162 Judaei
1031 3097 1189 3165 maximam

90 3209 245 3268 dederunt
272 3227 396 3288 operam
424 3210 459 3264 ut
488 3202 691 3264 obedientiam
721 3208 752 3260 et
775 3200 907 3260 studium
932 3221 1004 3282 erga
1027 3203 1188 3285 imperato-

88 3335 157 3374 rem
182 3321 246 3373 tum
269 3312 478 3381 ostenderent,
511 3329 603 3389 quum
624 3307 656 3366 id
677 3327 711 3366 re
733 3327 805 3366 vera
828 3314 965 3386 agerent,
1000 3315 1034 3369 ut
1057 3314 1187 3376 auctori·

88 3427 186 3481 tatem
210 3419 297 3479 istius
320 3415 441 3478 Messiae
470 3413 688 3493 infringerent,
726 3412 810 3472 cuius
834 3413 971 3474 doctrina
993 3414 1186 3496 hagrnffius

88 3545 198 3585 eorum
219 3523 377 3589 desideriis
400 3519 528 3580 maxime
548 3519 693 3580 obstaret.
738 3518 891 3580 Praeterea
911 3519 978 3578 ficri
992 3541 1053 3580 noo
1073 3525 1186 3603 potuit,

88 3631 399 3712 quinllomanorum
437 3624 628 3705 magistratus
659 3623 840 3694 crederent,
877 3623 1028 3686 neminem
1063 3628 1185 3701 melius,

160 3796 249 3850 riores
270 3794 336 3848 illas
361 3794 397 3882 de
412 3792 518 3848 Messio
543 3791 670 3844 notiones
690 3789 882 3844 contumacior
906 3789 1071 3844 retinerent.
1114 3791 1186 3842 Uht·

161 3904 274 3956 cnnquc
300 3885 375 3938 enim
393 3884 486 3941 maior
512 3899 610 3936 eorum
635 3883 905 3946 communierat,
930 3880 1045 3934 facilius
1065 3896 1127 3946 spes
1146 3878 1187 3930 oli

99 4005 101 4011 ·
161 3983 288 4048 poterat,
314 3977 397 4044 fore,
418 3983 450 4032 nt
472 3979 606 4032 terrestre
633 3971 749 4042 aliquod
774 3989 895 4046 regnum
912 3968 1084 4026 literatorum
1106 3967 1189 4022 inatt-

160 4075 301 4142 tueretur.
