2862 4708
334 235 416 332 lot
1403 305 1404 398 t

206 497 209 502 ·
263 462 370 530 modos
392 457 586 533 excederent,
606 457 645 517 ab
665 457 802 520 omnibus
822 445 1004 539 argumentis
1025 458 1181 532 abstinuit,
1204 480 1274 541 quae
1297 460 1357 520 ani-

262 589 328 634 mos
351 589 438 629 secus
461 565 655 626 sentientium
677 565 789 624 erroris
818 564 997 625 convincere
1018 584 1079 624 uon
1101 566 1253 626 valerent.
1304 568 1356 626 Fa·
1403 563 1404 636 ᾗ

264 675 323 736 eile
346 675 425 734 cuim
445 669 668 754 perspiciebat,
701 671 927 752 persuasionem
957 691 1114 731 erroneam
1142 673 1251 732 animis
1281 672 1356 732 band
1403 647 1404 716 i

264 779 425 860 exstirpari
448 797 539 859 posse
556 797 613 858 per
634 783 788 836 externam
816 777 946 859 aliquam
967 777 1169 838 autoritatem.
1218 779 1307 840 Hinc
1326 780 1356 838 il·
1403 767 1404 852 Ῐ

262 885 319 950 lud
342 885 539 968 praelerebat:
585 875 655 956 Ὡς
685 880 865 970 φρονίμοις
894 873 996 972 λέγω)
1035 881 1173 968 κρίνατε
1202 877 1356 970 cinerei
1403 885 1404 918 a

265 1015 365 1080 φημι.
389 991 422 1073 (1
442 991 518 1051 Cor.
543 988 686 1070 tc‚15).
1403 1039 1404 1058 .

353 1097 423 1160 Ali·
442 1096 532 1179 plura
555 1101 675 1156 exstant
696 1093 822 1174 vestigia
843 1092 996 1155 immodici
1017 1093 1169 1155 libertatis
1190 1115 1283 1167 usus,
1305 1115 1355 1176 qao
1403 1093 1404 1142 i

264 1201 401 1285 inprimis
432 1201 596 1265 Christiani
627 1223 644 1261 e
676 1209 752 1262 cetu
782 1199 1008 1261 (lorintbicrum
1042 1201 1273 1282 cognitionem,
1305 1223 1350 1281 qur

266 1309 486 1390 gloriabantur,
509 1307 698 1368 subtiliorem
720 1325 787 1388 prat
809 1327 841 1366 se
865 1307 945 1366 ferre
967 1307 1138 1368 studebant.
1190 1307 1266 1366 Bne
1289 1327 1350 1388 qno·

266 1433 325 1496 que
346 1413 506 1472 referenda
520 1432 587 1472 esse
608 1412 728 1473 videtur
740 1412 817 1473 ratio
837 1411 1009 1486 mulierum,
1034 1433 1101 1495 quse
1119 1419 1232 1472 contra
1250 1434 1351 1472 morem

265 1525 422 1600 receptum
456 1519 554 1600 eapite
588 1526 693 1600 aperto
721 1503 888 1579 intererant
916 1520 1008 1579 sucris
1032 1519 1205 1586 christianis
1234 1517 1346 1600 (lGor.

267 1627 321 1697 11,
341 1626 363 1686 d
384 1627 471 1708 sqq.)
482 1627 512 1704 ¹)
533 1643 651 1686 necnon
676 1645 783 1685 munus
815 1626 938 1706 publice
962 1625 1091 1686 docendi
1122 1626 1156 1684 in
1178 1625 1274 1684 sacris
1293 1645 1355 1684 con·

266 1731 407 1794 ventibus
427 1730 551 1792 obibant
571 1733 606 1810 (l
630 1730 706 1792 Gor.
732 1733 934 1822 lapte-ts).
992 1733 1063 1795 Hoc
1093 1732 1175 1792 enim
1198 1732 1273 1792 inde
1295 1753 1356 1813 pro-

207 1899 214 1914 ,
267 1837 380 1900 lictum
396 1859 462 1898 esse
481 1837 614 1911 videtur,
634 1837 717 1920 quod
732 1827 860 1898 liberius
875 1837 1038 1898 sentientes
1055 1837 1189 1898 indicare
1208 1838 1355 1908 volebant,

267 1943 346 2003 illud
363 1942 536 2016 discrimen,
556 1943 639 2025 quod
651 1943 683 2005 in
704 1943 823 2004 diversa
839 1945 965 2004 marium
981 1944 1242 2026 foeminarumque
1260 1943 1354 2024 agendi

268 2048 385 2112 ratione
408 2055 496 2108 antea
516 2048 674 2122 valuisset,
692 2047 756 2130 jam
771 2049 924 2114 sublatum
944 2069 1023 2110 cssc.
1069 2049 1185 2110 Contra
1207 2050 1277 2111 baec
1290 2053 1353 2111 Pau·

268 2154 317 2216 lus
340 2155 478 2228 monuit,
514 2153 629 2215 bomini
657 2155 819 2216 christiano
846 2156 878 2215 in
907 2157 1046 2217 externis'
1063 2145 1186 2238 quodue
1210 2180 1230 2217 a
1256 2158 1354 2218 decoro

269 2281 332 2322 non
354 2267 468 2322 temere
493 2281 560 2321 esse
589 2261 806 2334 recedendum,
838 2262 964 2322 maxime
993 2263 1121 2324 veroin
1151 2283 1185 2322 re
1213 2263 1355 2325 divinad

269 2366 399 2450 publicis
428 2368 626 2428 conventibus
658 2370 750 2430 sacris
773 2389 892 2451 semper
912 2369 1064 2429 honestati
1087 2368 1299 2444 studendum,
1319 2391 1357 2430 cu

269 2471 471 2553 ramumque,
495 2493 533 2533 nc
556 2474 687 2555 suspicio
710 2475 894 2557 offensioque
919 2475 1060 2536 oriretur.

365 2576 492 2638 Constat
516 2579 657 2661 quidem,
689 2580 873 2665 plerosque,
907 2580 1012 2663 quiin
1041 2579 1182 2641 libertate
1209 2581 1359 2643 christiana

273 2681 386 2743 utenda
407 2704 425 2742 a
448 2703 521 2745 vero
540 2685 571 2748 dc
587 2685 699 2748 decoro
721 2688 908 2760 aberrarent,
930 2687 1022 2747 fuisse
1045 2707 1062 2747 c
1083 2707 1211 2748 numero
1227 2688 1360 2749 Etbnicc-

275 2787 527 2852 Christianorum.
575 2789 691 2851 Verum
711 2799 746 2851 ut
769 2794 859 2853 ctiam
881 2792 980 2866 multi,
1005 2793 1056 2876 qui
1078 2793 1151 2853 olim
1173 2793 1309 2855 Judaica
1324 2817 1360 2854 sr-

269 2915 326 2955 ·era
349 2895 480 2978 amplexi
502 2904 600 2971 amnt,
629 2898 773 2959 doctrinae
795 2899 994 2981 evangelicis,
1025 2887 1123 2982 dualis
1147 2922 1165 2960 a
1188 2901 1293 2962 Paulo
1312 2909 1360 2961 tra-

275 3002 416 3076 debatur,
439 3023 594 3063 assensum
617 3003 793 3084 praebebnnt
816 3006 860 3087 (v.
886 3026 914 3066 c.
939 3005 1104 3078 Barnabas,
1126 3004 1240 3088 Aquila
1257 3009 1291 3070 dc
1304 3009 1362 3070 Pri·

221 3171 222 3176 χ
274 3107 374 3182 scilla,
407 3108 553 3190 Apollo)·
567 3109 704 3192 adeoque
730 3109 838 3192 jugum
869 3111 1037 3198 discipliane
1063 3113 1207 3174 Moesicae
1237 3116 1364 3175 excutie-

275 3212 370 3286 bant,
399 3213 441 3274 ita
463 3235 501 3274 ex
525 3235 630 3278 eorum
655 3237 776 3299 quoque
799 3237 924 3280 numero
948 3221 1040 3280 fuisse
1061 3219 1216 3291 videntur,
1242 3221 1299 3302 qui
1319 3241 1365 3278 no·

250 3379 257 3402 „
276 3317 390 3376 tionem
413 3318 562 3381 libertatis
586 3322 756 3385 christianae
782 3323 863 3384 baud
886 3327 1021 3407 perfecte
1035 3309 1256 3405 conciperent.
1306 3327 1367 3387 llus

259 3422 357 3482 »inter
378 3421 436 3482 alia
455 3423 580 3485 inuuere
610 3409 732 3492 videtui·
754 3429 904 3511 singulare
926 3431 1016 3492 Pauli
1044 3437 1231 3514 praeceptum
1252 3434 1274 3494 1
1299 3433 1366 3494 Gor.

206 3567 209 3573 ·
277 3529 395 3602 218:
430 3529 730 3618 Περιπεσμρμένσς
759 3559 811 3609 τις
839 3528 969 3623 ἐκλήθη
977 3583 989 3613 ,
1019 3530 1069 3624 μή
1092 3529 1314 3606 ἐπισπάσθω·
1337 3544 1368 3605 ἐν

278 3625 464 3725 ἆνρσβνςῖᾳ
486 3659 537 3727 τις
558 3629 700 3728 ἐκλήθη,
720 3633 771 3728 μή
790 3642 1059 3730 περιτεμνέσθω.
1111 3644 1230 3710 Perse
1251 3648 1368 3732 quiden

278 3742 425 3825 suspicari
446 3743 571 3817 liceret,
602 3745 731 3810 Paulum
752 3747 812 3812 hoe
841 3757 876 3810 ut
899 3751 1040 3831 exemplo
1064 3771 1151 3810 anum
1173 3772 1266 3826 esse,
1295 3754 1370 3837 quod

187 3896 195 3906 .
271 3849 316 3912 iis
347 3857 536 3930 opponeret,
574 3852 626 3936 qui
649 3873 681 3918 sc
712 3855 884 3938 circuncidi
909 3864 1118 3942 paterentur,
1142 3879 1237 3946 quum
1259 3862 1371 3927 nonnisi

283 3999 513 4019 Γ-σ-ι-ιι--ισκ
564 3997 568 4007 ’

298 4075 328 4145 1)
348 4075 406 4134 Otr.
428 4075 557 4136 Nouato
575 4079 607 4139 Λ.
629 4079 663 4138 (i.
682 4079 704 4135 1.
725 4099 751 4156 ρ.
770 4078 831 4138 tlt.
850 4080 914 4141 Not·
933 4083 983 4154 tta
