2864 4712
1050 425 1055 436 ι
1084 281 1139 380 1³

0 522 1 537 ³
114 517 263 600 evangelii
282 513 409 578 vunanimo
433 513 637 596 conciperent.
693 507 920 593 sapientissime
943 508 1004 573 boe
1025 463 1199 576 umente

113 625 265 706 Supremo
287 621 418 684 Numine
446 621 487 680 ita
513 619 680 679 institutum
712 639 800 691 esse,
837 625 922 698 grato
945 617 1042 678 animo
1063 622 1200 700 agnosci·

0 733 6 748 ''
113 753 193 793 mus.
252 727 331 790 Nam
364 747 433 810 qum
460 725 621 786 etiamnum
646 724 755 785 tinibus
775 723 943 785 Palaestines
965 745 1014 786 res
1039 725 1199 789 christiana

1 867 4 874 .
114 835 432 908 circumscriberetur,
466 853 545 914 upra
574 829 683 914 religio
713 851 776 890 non
806 829 870 890 sine
896 831 1009 912 magnis
1034 831 1199 896 commodis

2 966 4 973 ·
113 943 290 1004 tradebatur
309 963 344 1002 ea
363 942 459 1001 forma
478 940 595 1012 induta,
624 957 684 1019 qua
702 935 846 997 hactenns
869 939 999 1018 apostoli
1018 939 1048 998 in
1070 959 1197 1036 evange·

102 1037 158 1110 'tiu
179 1045 381 1108 annuntiando
401 1047 450 1108 usi
469 1051 565 1106 erant.
610 1043 761 1120 Quoniam
782 1041 913 1124 apostoli
933 1044 1004 1124 ipsi,
1026 1065 1117 1128 quam
1135 1045 1197 1127 pri·

1 1179 2 1198 ι
109 1175 192 1214 mum
205 1153 376 1213 exstiterint
392 1151 539 1233 evangelii
551 1149 664 1212 Christi
676 1167 845 1230 praecones,
867 1149 900 1208 id
919 1149 1018 1210 solnm
1036 1151 1093 1212 sibi
1108 1171 1197 1233 agere

108 1260 304 1331 videbantur,
328 1265 363 1318 ut
384 1279 495 1319 novum
523 1258 610 1319 avitte
632 1255 788 1338 religionis
812 1255 944 1316 studium
966 1255 998 1315 in
1021 1256 1125 1318 animis
1143 1257 1197 1317 hc-

88 1366 224 1452 uninum
248 1364 434 1438 excitarent,
477 1363 550 1446 quin
577 1362 665 1422 etiam
693 1361 731 1422 ah
758 1383 793 1422 ea
821 1362 1002 1444 cogitatione
1025 1361 1198 1424 alienissimi

110 1480 210 1546 erant,
239 1491 296 1553 per
317 1470 415 1530 studia
436 1491 489 1530 sua
510 1469 697 1531 eversionem
719 1489 842 1541 eorum,
874 1487 941 1551 qne
964 1467 1021 1529 sibi
1043 1467 1196 1550 populari·

109 1577 229 1660 busque
253 1597 372 1658 semper
402 1583 504 1636 sancta
525 1574 556 1637 ab
576 1575 742 1636 reverenda
769 1575 907 1648 ilaissent,
941 1574 1122 1658 praeparari,
1157 1593 1195 1637 eo

112 1683 311 1742 confidentius
339 1703 447 1740 munus
479 1681 537 1740 sibi
555 1681 774 1740 'demandatum
802 1681 935 1743 obibant.
999 1679 1046 1740 lta
1074 1701 1196 1763 quoqne

31 1823 32 1826 =
113 1785 304 1855 factumest,
325 1793 360 1842 ut
379 1785 520 1855 societas,
544 1805 632 1864 qnam
655 1783 942 1855 condemnassent
963 1792 1099 1866 ternpore
1114 1807 1196 1868 anag·

112 1911 182 1950 nem
203 1889 357 1950 bominum
387 1887 608 1948 multitudinem
635 1887 714 1949 inter
743 1887 871 1951 Judaeos
896 1889 1044 1972 probitate
1077 1893 1196 1974 conspi-

109 2017 185 2057 cuos
208 1995 267 2055 sibi
289 1993 476 2055 conciliaret.
535 1993 570 2054 Si
597 2015 669 2057 vero
700 1995 732 2055 in
758 1987 933 2078 primordiis
961 1995 1087 2058 civihtis
1116 1997 1195 2060 chri-

109 2103 216 2164 stianae
238 2101 369 2187 apostoli
399 2100 576 2182 religionem
600 2101 761 2163 llosaicam
793 2122 850 2184 per
872 2103 1059 2187 evangelium
1081 2103 1195 2166 tlhristi

63 2207 66 2212 ’
108 2207 312 2290 abrogandam
335 2227 401 2266 esse
424 2205 647 2280 declarassent,
679 2207 828 2290 repudiati
848 2209 974 2268 luissent
996 2209 1034 2269 ab
1056 2209 1106 2281 iia,
1143 2211 1196 2292 qui

33 2321 39 2326 '
107 2315 190 2376 inter
219 2313 389 2395 populares·
411 2312 500 2372 saluti
528 2312 697 2374 obtinendae
724 2315 851 2374 maxinme
879 2299 980 2376 essent
1009 2315 1122 2376 idonei.
1152 2349 1196 2366 -

52 2413 55 2420 ’
105 2421 226 2494 ΙῪιιιιιιιι
252 2428 353 2480 tamen
380 2419 413 2478 iu
439 2419 566 2480 arctiore
588 2419 642 2479 illa
664 2419 814 2502 evangelii
836 2420 950 2482 Christi
971 2423 1092 2484 notione
1113 2423 1195 2486 naun

110 2525 165 2585 (liu
192 2527 308 2614 uersari
337 2518 388 2586 vel
410 2533 548 2606 poterant
570 2525 620 2587 vel
647 2525 810 2588 debebant.
870 2527 934 2592 lies
964 2529 1037 2610 ipsse
1062 2537 1195 2594 crumas

107 2631 265 2714 apostolos
288 2631 373 2716 quasi
392 2631 449 2713 per
468 2631 566 2692 varios
588 2631 697 2712 gratim
720 2653 758 2693 eo
781 2635 1019 2714 protendebant,
1047 2657 1107 2718 qno
1128 2637 1195 2720 ple·

105 2759 176 2798 nanu
199 2737 231 2800 ais
255 2739 398 2819 integram
425 2744 607 2819 potestatem
632 2739 824 2801 revelationis
853 2741 1020 2829 christiane
1040 2745 1193 2827 perspice·

105 2853 187 2905 rent.
246 2845 309 2906 Per
331 2867 450 2926 gravem
481 2847 560 2907 euim
583 2846 842 2927 persecutionem,
877 2867 946 2931 qnae
967 2857 1038 2929 post
1065 2860 1193 2913 mortem

102 2933 254 3032 'Stephani
274 2959 378 3012 eontra
399 2960 564 3039 sectatores
580 2952 658 3012 Jesu
680 2959 746 3012 orta
762 2960 822 3026 eat,
843 2955 956 3014 semina
969 2955 1115 3034 evangelii
1135 2977 1194 3035 per

108 3057 246 3136 regiones
267 3057 378 3119 vicinas
409 3059 470 3119 late
497 3059 748 3138 dispergebantur
768 3058 853 3134 (aea.
875 3059 910 3128 Θ,
931 3060 950 3118 1
973 3063 1071 3136 sqq.).
1119 3057 1193 3118 Phi·

106 3162 222 3244 lippus,
236 3165 387 3245 'neglectis
415 3161 604 3243 opinionibus
624 3159 842 3242 praeconceptis
864 3159 1056 3233 sannorum,
1090 3161 1191 3226 Sama·

105 3270 211 3332 timuis
241 3267 430 3349 evangelium
457 3265 592 3326 tradere
605 3265 668 3346 jam
689 3284 778 3324 ausus
800 3267 865 3334 est3
895 3263 977 3346 guod
1001 3289 1092 3350 quum
1110 3270 1191 3334 baud

104 3376 171 3437 aine
194 3371 336 3436 successu
353 3371 537 3443 inchoasset,
558 3371 597 3430 ad
615 3371 704 3432 linem
725 3370 903 3454 perductum
924 3379 971 3434 est
989 3377 1190 3457 perronam

104 3481 137 3543 aie
165 3482 336 3544 Johannem
361 3481 409 3558 (8,
433 3477 537 3558 5-25).
573 3478 705 3540 ¹Coetus
736 3477 889 3540 christiani
917 3481 1030 3542 conditi
1059 3491 1128 3543 sunt
1157 3484 1189 3546 in

103 3589 228 3662 «Iudaea,
253 3576 406 3659 Samaria,
443 3583 567 3646 Galilaea
595 3587 641 3665 (9,
662 3589 730 3666 sl).
792 3585 829 3646 ln
851 3585 916 3668 ipsa
936 3587 1189 3654 Damascenorum

174 3762 232 3816 unat
252 3763 301 3815 dns
317 3760 504 3832 Evangelium
525 3777 579 3814 ron
597 3760 662 3815 lem
678 3760 795 3816 Messias
819 3760 922 3840 berum
938 3765 1049 3834 turgeu,
1075 3765 1190 3822 iibersll

174 3853 221 3910 atie
240 3853 402 3918 Messenen,
421 3855 481 3908 olso
498 3851 571 3906 auch
590 3853 636 3906 alis
652 3853 763 3908 netues
778 3869 814 3906 au
829 3854 923 3907 seiuen
941 3854 1113 3926 Anhaingern
1127 3876 1189 3912 rnu-

175 3945 256 4010 cben,
275 3945 344 3999 aber
362 3945 445 3998 stubei
464 3944 509 3997 atie
527 3945 618 3998 lentes
633 3944 766 4016 augleich
784 3947 896 4000 tibersll
915 3963 950 3999 nu
965 3945 1057 3999 Juden
1070 3951 1189 4002 macheu

172 4038 306 4112 maissten.
357 4035 465 4090 Plancis
491 4035 588 4091 Gessit.
616 4039 666 4090 des
693 4035 855 4092 Christeotb.
883 4037 912 4089 iu
940 4035 989 4091 der
1015 4035 1079 4094 Per.
1098 4041 1186 4108 sepner

175 4115 266 4181 ersten
286 4113 361 4195 Eios'.
379 4129 395 4182 1
414 4127 447 4184 B.
465 4125 535 4180 lsls
552 4145 580 4204 p.
598 4128 635 4183 7⁰
651 4145 692 4198 aq.
