2862 4708
1017 241 1099 328 113

71 457 232 543 proselytis
260 459 320 524 sibi
349 457 477 520 addictis
500 454 688 538 evangelium
710 456 980 534 commendabants
1016 483 1078 546 qno
1101 463 1164 530 tao-

70 575 132 627 tum
154 573 214 639 est,
231 572 266 638 ut
286 565 318 624 bi
339 584 433 644 porro
455 563 559 622 eadem
585 563 773 644 evangelium
793 565 933 626 tndendi
954 567 1071 628 ratione
1095 579 1163 632 ute.

69 678 176 733 rentur
205 670 237 730 in
265 669 331 743 aliis
363 668 524 749 gentilibus
552 669 698 749 religione
727 670 887 731 christiana
913 672 1105 735 instituendi
1116 677 1160 754 ¹).
1275 715 1278 724 ·

71 778 225 852 Quantum
255 773 384 854 periculi
407 773 531 834 sinceros
553 774 733 854 evangelicae
761 775 837 836 lidei¹
853 775 919 836 baec
941 777 1041 838 studia
1068 779 1164 842 mina·

69 887 187 952 rentur,
209 899 267 960 per
288 899 321 937 se
338 885 435 959 patet,
452 889 551 959 'quum
569 877 720 952 homines,
743 881 852 961 quibus
867 882 1055 962 evangelium
1071 885 1162 946 chri·
1257 945 1260 952 ,

70 985 109 1046 sti
130 985 323 1064 probaretur,
344 1003 406 1044 non
427 990 554 1064 possent
573 1003 635 1042 nou
649 1003 686 1043 eo
709 984 874 1057 adducere,
898 993 933 1045 ut
953 994 1041 1047 vetus
1056 1010 1163 1071 super·

70 1089 198 1149 stitionis
220 1110 313 1170 genus
335 1107 417 1150 novo
440 1094 661 1168 permutarent.
710 1089 781 1149 dnm
805 1108 843 1148 eo
865 1109 961 1170 usqne
984 1101 1164 1171 perventum

70 1201 129 1265 est,
150 1200 186 1252 ut
208 1193 293 1254 iniis
318 1193 471 1264 ccelesiis,
501 1211 570 1274 qum
593 1212 612 1251 ι
634 1191 733 1252 Paulo
754 1193 822 1274 ipso
844 1193 975 1254 conditus
995 1193 1026 1256 ds
1047 1195 1085 1256 ab
1105 1197 1165 1260 hoc

69 1297 218 1358 libertatis
240 1297 413 1358 cbristiauae
437 1303 561 1356 strenuo
583 1296 742 1358 defensore
769 1319 805 1358 ea
824 1299 947 1358 imbutae
967 1307 1069 1360 essent
1092 1301 1166 1363 doc·

68 1402 250 1484 trinaeque
272 1404 356 1462 vanis
383 1401 446 1463 illis
470 1401 660 1482 opinionibus
683 1422 809 1482 prorsus
831 1387 1044 1466 adversaretur
1049 1406 1167 1480 ‚--doe-

69 1515 154 1568 tores
179 1507 365 1586 judaizantes
396 1507 478 1566 baud
505 1506 570 1566 sine
600 1527 743 1568 successu
768 1508 880 1589 placita
911 1527 965 1570 sus
994 1511 1167 1590 perniciosa

70 1617 262 1691 spargerent.
317 1611 364 1669 Hi
391 1610 528 1674 homines
554 1611 645 1670 etiam
667 1612 762 1691 magis
785 1634 875 1692 quam
897 1597 999 1674 duduci
1019 1614 1065 1674 rei
1085 1615 1167 1676 chri-

71 1714 181 1774 stianae
202 1719 287 1772 erant
306 1712 480 1783 metuendi,
509 1714 650 1794 quoniam
670 1735 742 1774 vera
762 1713 845 1774 salsis
869 1714 1029 1774 musanus
1053 1716 1169 1780 Christi

70 1817 244 1878 cultoribus
283 1838 316 1876 se
351 1813 600 1876 commendabant
637 1823 779 1898 tanquam
816 1815 972 1899 apostolos
1006 1820 1169 1901 evangelii,

46 1943 180 2003 ,reapse
210 1941 284 1981 vcro
304 1920 496 1980 Judaismum
518 1921 803 2001 perniciosissimum
823 1921 995 1984 tradebant.
1051 1923 1169 2004 Verum

70 2037 234 2110 antequam
258 2025 357 2086 ιιιιιι
379 2025 574 2105 passusne
593 2025 683 2107 huju
705 2020 859 2086 lemnum
872 2005 1000 2108 κμιίιι
1023 2030 1102 2090 vous
1121 2030 1170 2110 ip·

71 2155 177 2195 sorum
206 2131 378 2192 satisfacere
391 2135 555 2209 possent,
588 2151 713 2191 necesse
736 2139 802 2192 erat
824 2132 1037 2193 subverterent
1056 2135 1170 2194 autori·

70 2249 187 2312 tatem,
207 2220 280 2320 'qua
304 2234 420 2296 Paulus
443 2234 525 2294 inter
546 2235 880 2296 brumae-christiano·
903 2237 996 2318 vulgo
1017 2237 1170 2319 pollebat,

72 2345 201 2426 ejusque
241 2338 430 2420 evangelium
467 2323 607 2400 tradendi
646 2340 794 2402 rationem
833 2341 996 2422 suspicioni
1034 2339 1066 2404 ds
1097 2341 1169 2404 odio

70 2444 477 2512 Euboico-christianorum
500 2442 701 2525 subjicerent.
754 2445 827 2506 Hoc
846 2446 939 2526 igitur
958 2445 1170 2510 diversissimis

71 2553 174 2616 modis
192 2549 355 2633 periclitati
383 2555 453 2608 unt
459 2589 471 2621 ,
508 2546 593 2629 cujus
614 2549 709 2610 multa
733 2550 924 2612 eontinentur
945 2551 1117 2612 testimonis
1137 2552 1171 2616 ἰιι

71 2659 162 2722 libris
187 2656 268 2718 Novi
289 2653 487 2716 Testamenti.
542 2653 726 2716 Gravissima
749 2669 824 2734 ¹tero
843 2663 1056 2730 monuments,
1086 2657 1171 2718 uude

72 2762 243 2827 accuratius
267 2757 399 2841 perspici
420 2759 517 2839 possit
546 2761 642 2832 ratio,
684 2779 751 2841 qum
777 2760 876 2822 Paulo
900 2782 969 2822 cusu
992 2761 1040 2820 bis
1063 2761 1172 2821 adrer-

72 2871 163 2936 sariis
185 2864 407 2936 intercederet,
443 2871 513 2923 sunt
540 2864 679 2944 epistolae
701 2863 792 2943 hujus
814 2864 946 2944 apostoli
974 2864 1013 2923 ad
1034 2863 1172 2934 Galatas,

72 2977 117 3039 ad
138 2971 312 3035 Corinthios
323 3012 333 3042 ‚
364 2968 404 3028 ad
424 2949 601 3040 Romanos,
630 2967 670 3026 ad
688 2967 905 3046 Philippenses
929 2965 1060 3046 deniqne
1081 2965 1171 3028 oste.

73 3076 276 3144 Perlustratis
294 3074 344 3145 iis,
367 3091 433 3152 quae
452 3072 485 3129 in
502 3070 550 3144 his
570 3070 757 3130 documentis
778 3069 816 3128 de
834 3068 900 3128 istis
917 3067 1088 3132 bominibus
1109 3089 1172 3130 me·

73 3185 181 3248 morice
203 3179 431 3262 proditasunt,
455 3175 625 3256 apparebit,
650 3195 703 3234 cos
725 3193 845 3256 semper
867 3171 998 3234 eundem
1020 3171 1078 3264 sibi
1099 3193 1171 3257 pro·

72 3290 216 3376 posuisse
238 3305 377 3364 scopum,
412 3300 581 3361 quanquam
602 3300 664 3342 uon
693 3277 793 3341 ubivis
816 3276 942 3340 andem
963 3277 1092 3360 ingressi
1111 3279 1172 3341 sint

73 3397 158 3460 viam
178 3391 218 3452 ad
239 3389 327 3450 illum
349 3383 582 3466 assequendum.

168 3496 305 3558 Primum
320 3492 413 3573 igitur
427 3489 586 3570 epistolam
600 3472 690 3550 Pauli
705 3484 744 3548 ad
756 3483 880 3550 Galeas
901 3485 1101 3571 conscriptum
1117 3487 1170 3555 ad·

75 3623 195 3675 eamus,
210 3601 322 3684 quippe
331 3617 397 3681 quoe
412 3595 530 3677 reliqua
538 3601 728 3655 monumenta
735 3601 820 3655 aetate
833 3611 975 3676 superare
990 3589 1128 3656 videatur
1137 3593 1169 3674 ²)

82 3773 129 3839 ·1)
151 3770 210 3822 ctr.
230 3783 290 3835 quaa
307 3769 403 3834 posteo
419 3761 537 3815 dicenda
556 3763 639 3812 erunt
656 3759 692 3810 de
717 3752 746 3814 οἵ
758 3755 976 3834 περιτιμνὸμινοι
994 3759 1059 3811 Gal.
1081 3757 1109 3822 d,
1126 3753 1171 3813 18.

95 3862 183 3930 2)11u
203 3864 329 3926 tempore
348 3853 548 3917 constituendo,
567 3867 622 3920 quo
640 3849 759 3918 epistola
772 3851 856 3904 Pauli
874 3853 909 3904 ed
922 3844 1040 3905 Galatas
1057 3847 1095 3899 sit
1104 3862 1171 3897 cou-
1296 3917 1298 3921 v

150 3942 273 4018 scripto,
297 3946 331 4000 iis
350 3943 522 4008 accedimus,
551 3941 599 4010 qui
625 3941 700 3995 hanc
727 3941 877 4010 epistolum
901 3939 1007 4028 Ephesi
1033 3937 1062 3988 in
1087 3933 1171 3986 tortio

150 4033 237 4091 Pauli
256 4032 357 4086 itinere
375 4039 518 4086 exoratam
536 4049 595 4086 csse
611 4038 747 4086 statuunt.

906 4173 924 4226 8
