2864 4712
956 233 1135 368 ἰι

96 509 271 582 synagogas
294 495 394 558 aditus
423 493 545 580 quidem
567 495 604 556 iis
627 492 771 575 patebat,
813 505 956 560 ceterum
978 519 1053 562 vero
1087 500 1197 584 impuri

96 606 354 670 existimabantur
377 602 462 704 (Act.
483 603 535 674 lt,
558 602 589 663 l·
612 601 666 661 ²8.
690 602 745 671 ll,
766 599 814 681 8).

196 711 350 786 Quoniam
379 709 471 788 igitur
505 706 537 766 bi
569 704 718 787 proselyti
744 726 761 764 a
790 705 907 766 «ludaris
944 727 1059 768 snnsma
1089 716 1199 772 tracta·

96 816 217 880 bantur
240 813 434 896 superbial),
465 811 553 872 facilc
574 810 704 890 intelligi
724 817 849 891 potest,
870 819 981 893 quanto
1002 814 1113 896 gaudio
1134 817 1199 876 lue·

96 923 167 982 rint
185 921 295 992 affecti,
336 939 426 1001 quum
447 915 629 998 Apostolos,
671 935 710 974 ex
732 915 848 976 Judcis
872 917 1037 992 oriundos,
1070 941 1199 1002 evange·

99 1027 182 1086 lium
202 1027 318 1104 salutis,
342 1037 400 1104 pet·
417 1022 574 1084 Christum
594 1020 733 1080 omnibus
751 1027 861 1100 portae,
892 1021 934 1082 ita
955 1023 1126 1084 nuntiantes
1146 1047 1199 1086 au-

101 1132 229 1204 dirent,
244 1122 290 1190 'ut
312 1130 350 1188 ad
380 1129 479 1201 banc,
515 1125 623 1185 amotis
640 1123 777 1204 molestia
801 1123 832 1185 ds
850 1125 980 1186 insolitis
1009 1129 1199 1202 cerimoniis,

99 1237 265 1296 eonsilium
279 1234 310 1296 de
325 1234 458 1316 pretium
469 1230 626 1293 blosaisnai
637 1230 724 1290 unice
739 1229 917 1292 referretur.
961 1231 1065 1308 Quare
1081 1233 1113 1293 in
1127 1233 1200 1296 Act.

97 1343 162 1413 13,
191 1342 237 1404 48
265 1340 304 1400 de
330 1335 528 1400 Antisthenis
563 1334 710 1415 legimus:
757 1324 928 1401 duodoucu
966 1333 1001 1401 dt
1038 1329 1081 1401 cd
1112 1339 1202 1423 ἔθνη
1251 1351 1255 1356 “

100 1447 289 1532 ἔχαιρον
319 1443 373 1509 καὶ
403 1431 559 1522 ἐδόξαζον
588 1432 651 1508 cdo
680 1431 783 1527 λόγον
803 1439 867 1507 τοῦ
886 1439 1022 1527 Κυρίου
1044 1443 1099 1509 cul
1125 1441 1202 1509 ἐπί-

101 1573 266 1618 στευσαν.
319 1551 391 1610 Jann
412 1569 480 1608 cum
501 1547 617 1608 civibus
639 1552 671 1606 et
693 1547 795 1606 amicis
816 1567 970 1608 sermones
993 1547 1202 1629 apostolorum

104 1655 380 1716 communicarunt.
436 1652 501 1711 Sed
521 1650 670 1731 cupiditas
690 1651 756 1721 illa,
784 1673 844 1732 qua
864 1651 994 1732 gentiles
1014 1653 1203 1732 predicatio·

105 1779 191 1838 nem·
206 1756 355 1837 evangelii
374 1754 478 1814 andire
501 1753 652 1822 solebant,
682 1754 824 1814 invidiam
844 1753 1025 1815 Jndaeornnu
1048 1757 1202 1830 excitavit,

106 1865 186 1943 (cfr.
210 1885 245 1944 p,
265 1863 322 1941 td)
342 1858 419 1918 adeo
440 1864 474 1917 nt
494 1856 521 1917 si
542 1857 594 1939 qui
616 1855 697 1938 apud
716 1855 773 1916 bos
792 1855 846 1932 ‚vel
868 1855 939 1916 illos
960 1857 1088 1938 gentiles
1111 1861 1205 1940 grstia

105 1969 242 2053 quadam
264 1967 344 2026 forte
367 1963 523 2035 valerent,
559 1961 697 2022 omuibus
719 1961 816 2022 modis
839 1982 948 2023 norem
971 1961 1138 2026 doctrinan
1161 1966 1205 2026 eis

40 2143 46 2156 Ι
104 2075 250 2134 inlcstsm
266 2071 470 2150 odiosamque
486 2067 615 2128 reddere
637 2067 814 2138 studerent,
845 2065 992 2147 imprimis
1015 2069 1205 2146 mulieribus,

105 2187 145 2240 ut
168 2199 226 2260 per
247 2197 298 2236 eas
320 2174 417 2234 mariti
440 2172 568 2233 liberive
600 2172 638 2233 ab
660 2171 817 2260 cvangelio
839 2169 1049 2252 amplectendo
1067 2195 1206 2237 arceren-

106 2295 175 2348 tur.
218 2283 340 2360 Quibus
357 2287 457 2340 tumen
472 2277 639 2338 rationibus
656 2275 785 2362 gentiles
800 2277 932 2358 permoti
950 2278 1074 2350 luerint,
1088 2287 1123 2340 nt
1140 2301 1207 2360 pra·

109 2392 230 2452 viorem
260 2389 292 2448 in
320 2383 476 2466 apostolos
506 2383 582 2442 iram
610 2381 825 2461 conciperent,
862 2401 923 2442 non
946 2403 1067 2464 semper
1094 2384 1206 2446 diserte

112 2495 265 2557 mensoriae
290 2491 446 2573 proditum
479 2495 526 2548 est
555 2487 640 2566 (set.
670 2487 724 2559 la,
753 2487 807 2549 oo.
833 2489 887 2560 14,
911 2487 958 2569 2).
1013 2488 1206 2571 bystrcnaes,

114 2602 169 2684 qui
190 2599 322 2661 Paulum
343 2593 429 2656 initio
451 2593 527 2654 adeo
549 2593 683 2654 venerati
703 2599 794 2665 suut,
824 2595 932 2654 utrix
955 2616 973 2654 ιι
996 2596 1089 2656 saeris
1110 2598 1140 2658 ci
1162 2598 1208 2658 ol·

111 2705 248 2769 ferendis
270 2701 505 2772 abstinerentur,
528 2697 679 2779 lapidibus
700 2717 769 2758 enus
791 2697 929 2760 obruisse
949 2719 1021 2761 urox
1045 2701 1207 2775 dicuntur3

113 2821 146 2873 at
165 2831 204 2870 nc
228 2809 323 2870 verbo
343 2806 465 2888 quidem
485 2804 595 2876 Lucas,
617 2803 698 2864 unde
719 2811 802 2864 tanta
822 2805 988 2866 animorum
1006 2808 1132 2867 mutatio
1156 2829 1210 2868 ex·

115 2924 186 2979 ortu
207 2915 258 2986 sit,
288 2912 440 2985 ostendit,
469 2910 527 2970 nisi
550 2910 633 2993 quod
660 2930 727 2970 eam
749 2909 789 2968 ad
808 2909 935 2969 Judceos
955 2917 1096 2970 auctores
1116 2911 1212 2970 refert

117 3025 166 3101 (v.
190 3022 256 3098 lo).
313 3017 467 3098 suspicari
488 3016 575 3086 licet,
609 3015 722 3117 similes
745 3012 921 3083 calumnias,
956 3031 1024 3092 ques
1042 3011 1212 3090 posteriorc

116 3135 255 3206 tempore
285 3131 390 3185 contra
420 3119 609 3182 Christianos
627 3117 806 3178 Judaecrusu
836 3115 984 3196 imprimis
1016 3114 1117 3176 studio
1140 3136 1212 3196 pro.

114 3233 187 3294 late
210 3231 282 3302 sint,
309 3228 373 3309 jam
395 3228 427 3287 in
447 3225 546 3306 primo
568 3221 659 3284 Pauli
679 3221 788 3284 itinere
809 3219 953 3282 acerbum
972 3218 1059 3282 illum
1078 3221 1212 3286 furorem

115 3343 224 3400 contra
244 3337 343 3417 ipsum
363 3349 558 3414 provocasse.

208 3442 246 3502 In
267 3440 341 3500 Asis
364 3439 479 3497 minore
501 3436 565 3496 lere
588 3452 692 3494 ornnes
712 3429 880 3507 tumultus,
916 3433 1024 3516 quibus
1045 3433 1160 3495 Paulus
1182 3441 1214 3494 et

118 3546 248 3608 comites
272 3545 336 3604 eins
353 3543 386 3602 iu
406 3539 575 3623 periculum
594 3538 835 3627 deducebantur,
868 3559 907 3599 ex
927 3539 1028 3600 intima
1049 3540 1141 3620 plebe
1160 3561 1214 3598 ex·

118 3651 181 3712 orti
200 3649 294 3710 luisse
319 3648 481 3720 videntur,
517 3652 548 3706 at
572 3645 603 3706 iu
623 3645 748 3726 Europa
770 3643 860 3705 etiam
882 3645 1073 3726 magistratus
1095 3643 1215 3718 urbium

120 3777 175 3817 eos
196 3755 340 3838 persequi
371 3758 548 3834 coeperunt.
608 3752 702 3812 Cuius
729 3750 774 3811 rei
794 3751 925 3832 primum
947 3750 1119 3832 exemplum
1140 3749 1215 3810 Phi-

119 3860 215 3944 lippis
234 3859 331 3936 nobis¹
343 3859 463 3922 obuium
481 3858 532 3931 fit3
557 3876 656 3940 nequo
673 3864 773 3919 tamen
794 3855 991 3940 persequutio
1009 3857 1041 3918 iu
1061 3856 1118 3918 bec
1139 3853 1214 3914 urbe

122 4009 355 4028 q-—u-—a—-u-

140 4089 169 4156 l)
189 4088 249 4142 Cir.
271 4087 417 4142 Meuscteu
438 4089 458 4141 l.
478 4098 501 4141 c·
520 4097 554 4155 ιι.Ι
566 4085 627 4140 668.
