2864 4712
61 509 127 591 quis
148 504 320 590 periculum
341 503 390 566 bis
412 503 659 580 institutionibus,
686 522 752 587 que
777 523 845 565 cum
865 503 1007 588 religioni
1029 518 1094 574 tum
1114 515 1155 578 ei.

61 609 148 674 vitati
170 611 303 693 judaicae
332 631 420 694 qnam
441 611 567 672 maxime
591 610 737 670 salutares
759 632 826 672 esse
851 610 1038 688 viderentur,
1061 619 1155 682 min..

58 725 156 778 retur.
218 716 330 776 Omnia
359 737 452 790 vero,
485 736 552 798 quae
580 715 618 775 dc
633 715 724 786 ,Jesu
756 717 821 778 sive
849 719 1000 782 audiendo
1024 723 1089 786 sive
1111 727 1157 788 si-

17 891 19 896 ,
58 820 206 901 dend01)
228 821 375 903 percepit,
400 841 436 881 co
458 821 610 895 redibant,
633 829 668 882 ut
681 821 777 883 bostis
797 823 857 904 ipsi
877 835 1037 906 appareret
1049 849 1155 894 cerum

57 928 278 1000 institutorum,
313 947 378 1010 quae
402 950 420 987 a
438 927 627 1010 temporibus
652 950 749 1011 usquc
770 928 918 1010 majorum
938 932 1054 995 dederis
1076 957 1167 1010 senr-x

56 1053 116 1114 per
133 1011 454 1094 sanctedreverenda
474 1033 615 1095 fuissem.
650 1034 753 1095 Facile
777 1034 857 1094 cuim
877 1035 1044 1116 praevidere
1066 1041 1151 1118 licet,

56 1138 226 1198 Pharisaeos
256 1139 356 1200 studia
386 1141 464 1200 Jesu
492 1139 613 1200 nonnisi
641 1141 680 1200 ab
709 1137 764 1199 illa
790 1145 877 1221 parte
909 1139 1065 1222 discipulis
1092 1149 1155 1210 suis

54 1243 251 1304 adumbrasse
262 1247 277 1317 ς’
296 1265 395 1327 neque
419 1266 498 1328 opus
521 1245 559 1304 iis
579 1251 645 1304 crat
659 1243 698 1304 ad
716 1243 905 1304 mendacium
924 1248 1089 1328 confugere
1100 1253 1155 1330 ²);

55 1349 225 1409 sufficiebat
249 1370 397 1424 narrare,
436 1351 545 1412 desum
569 1349 770 1411 reverentiam
794 1349 933 1411 sabbathi
956 1351 1085 1428 violare,
1107 1355 1156 1418 lu·

53 1455 215 1515 strutiones
233 1456 428 1538 praescriptas
450 1457 618 1538 negligere,
640 1455 821 1515 commercio
843 1455 1100 1521 Samaritanorum
1123 1461 1156 1526 ds

52 1560 213 1641 gentilium
233 1559 434 1643 ruptosque
459 1563 542 1644 ipsos
564 1561 681 1623 dudaeis
702 1561 888 1643 equiparare
908 1562 1035 1637 andere,
1064 1566 1154 1628 obse·

54 1666 161 1748 quium
182 1665 216 1724 in
234 1665 428 1744 magistratus
450 1666 578 1744 gentiles
601 1666 824 1740 conmendare,
846 1673 879 1727 et
898 1666 957 1728 alia
979 1667 1153 1750 hujusmodi

54 1803 100 1820 --
120 1769 188 1828 bec
212 1767 285 1827 satis
315 1787 468 1848 superque
493 1768 656 1848 juvenibus
683 1769 895 1831 Pharisaismo
925 1771 1052 1834 addictis
1081 1797 1154 1858 per.

53 1875 187 1957 suadere
209 1871 374 1945 debebant,
396 1861 505 1933 desum
519 1893 595 1952 ,esse
614 1873 764 1937 bominem
786 1873 922 1966 impium,
948 1877 1011 1960 qni,
1033 1881 1153 1944 nomine

51 1981 177 2045 lllcssiee
201 1979 395 2078 impudenter
422 1978 480 2070 sibi
510 1986 670 2058 arrogato,
702 1979 849 2061 populum
872 1980 1033 2044 seduceret
1060 1992 1153 2070 atquc

52 2107 104 2149 res
126 2107 220 2146 noras
239 2085 409 2156 moliretur,
441 2083 500 2144 toti
523 2083 637 2144 civitati
653 2083 783 2166 judaice
804 2085 1084 2168 perniciosissimas.

146 2193 250 2269 Quum
279 2211 353 2250 vero
383 2190 427 2250 ita
445 2189 561 2250 Paulus
586 2189 694 2250 desum
716 2187 844 2273 ejusque
871 2192 981 2273 agendi
1006 2193 1154 2258 rationem
1201 2191 1214 2202 ”

51 2299 153 2359 animo
172 2317 262 2380 qnam
278 2295 408 2355 maxime
424 2293 530 2355 lrostili
539 2295 763 2368 consideraret,
788 2295 895 2370 multa,
909 2317 975 2380 que
997 2297 1154 2380 apostolos

50 2405 228 2484 amicosque
251 2403 331 2462 Jesu
354 2401 452 2460 minus
482 2402 730 2476 commovebant,
758 2377 865 2484 'ipsum
892 2403 1155 2468 vehementissime

51 2508 238 2570 afficiebant.
297 2503 376 2566 Nam
397 2525 488 2588 quum
517 2505 565 2567 illi
594 2507 769 2588 magistrum
800 2529 888 2568 anum
919 2529 1035 2570 summo
1060 2531 1153 2592 opere

50 2635 91 2676 eo
116 2613 263 2672 nitentem
285 2611 471 2692 aspicerent,
506 2617 541 2670 ut
562 2613 726 2693 populares
749 2612 788 2672 ad
810 2612 960 2674 fervidum
979 2614 1100 2696 pietatis
1122 2613 1156 2678 eb

48 2719 175 2782 virtutis
195 2717 328 2777 studium
350 2715 540 2796 impelleret,
569 2717 640 2776 inde
660 2717 749 2778 facile
771 2717 829 2778 sibi
850 2717 1043 2799 explicabant
1054 2763 1065 2793 ,
1099 2741 1154 2783 cur

48 2830 207 2909 praecepta
229 2822 365 2904 qnecdam
385 2822 564 2904 negligeret,
587 2841 671 2904 qnae,
692 2824 828 2906 quamvis
849 2824 1060 2886 traditionibus
1071 2826 1153 2889 Pha·

50 2933 212 2995 riseeorum
233 2927 379 3009 imperata
397 2935 512 3001 essent,
548 2949 656 3010 reapse
679 2935 780 2990 tamen
803 2928 971 3003 obstarent,
994 2931 1154 3012 quominus

50 3035 162 3096 officiis
181 3034 372 3094 humanitatis
391 3033 423 3116 in
442 3034 510 3114 ipsa
529 3033 598 3113 lege
618 3033 755 3094 Moesica
768 3033 956 3112 prescriptis
973 3033 1153 3104 satisfiere13

50 3147 140 3202 tanta
162 3139 240 3198 cuim
259 3115 482 3220 piaceptorum
502 3113 743 3195 vmorum'mols
763 3133 923 3214 disciplina
939 3133 1075 3198 Mosaios
1094 3157 1155 3220 pcr

48 3245 247 3307 traditionem
269 3242 483 3306 Pharisaeicom
505 3245 593 3298 auctu
616 3245 694 3312 erat,
718 3239 896 3316 utJudaeos
917 3239 1024 3302 saltem
1046 3243 1150 3306 mode·

48 3352 183 3414 ratiorcs
205 3350 286 3411 baud
307 3346 461 3411 offendere
485 3351 602 3426 posset,
627 3345 653 3406 si
676 3345 744 3430 quis
767 3341 919 3408 Messium
938 3347 1082 3430 dignitate
1101 3354 1152 3412 o'r-

48 3464 142 3518 natus
163 3457 408 3518 reformationem
429 3471 583 3512 sacrorum
608 3493 619 3524 ,
644 3473 710 3536 quae
729 3459 761 3515 et
783 3453 859 3536 ipsa.
873 3456 1149 3538 exspectationibus
1197 3459 1220 3474 ”’

65 3653 101 3722 1)
123 3651 213 3706 nont
239 3653 368 3716 constet,
395 3641 549 3703 on³Peulo
574 3646 726 3720 contigerit
750 3649 850 3702 desum
875 3647 968 3718 ipsum
991 3625 1172 3704 doctrinam*
1215 3707 1223 3718 ,

121 3759 206 3798 suam
230 3739 390 3796 tradentem
412 3738 511 3794 andire
531 3739 560 3808 (l
579 3740 644 3794 Cor.
663 3739 690 3804 ll,
709 3738 734 3792 1.
744 3738 778 3792 ’Σ
796 3741 860 3794 Gor.
878 3738 905 3804 ὗ,
924 3740 960 3794 lo
975 3756 1011 3792 ne
1029 3739 1152 3808 probent

123 3835 257 3906 quidem,
282 3834 406 3888 Paulum
430 3831 603 3904 conspexisse
621 3832 720 3884 Jesom
745 3832 800 3885 bec
822 3831 852 3884 in
881 3838 959 3885 terro
982 3831 1148 3896 virentem).
1237 3872 1242 3880 ,

122 3928 181 3983 Sed
199 3924 263 3980 lieri
281 3940 337 3977 nou
358 3929 480 3994 poteret,
507 3923 573 3994 quin
599 3939 643 3975 res
669 3938 687 3974 u
703 3922 772 3994 Jcsu
799 3929 893 3993 geete*
907 3921 1006 3993 sepius
1026 3935 1150 3974 comme·

123 4023 242 4072 morete
261 4015 368 4069 tuerint
385 4015 413 4070 iu
434 4018 616 4070 conventibus
632 4013 850 4068 Pheriseorum.

52 4113 102 4181 ’2)
126 4112 188 4166 cfr.
209 4109 346 4162 Schrader
367 4109 415 4162 der
435 4107 547 4175 Apostel
566 4108 673 4162 Paulus
689 4104 712 4178 2(
724 4106 780 4159 Tb.
800 4101 882 4174 pili
900 4118 962 4170 σφ’

885 4238 922 4301 2*
