2864 4712
407 177 412 206 Ι

277 505 424 594 Ephesini
441 499 640 564 reverentiam
659 503 691 558 et
704 513 849 571 amomis,
872 515 933 580 qno
953 495 1124 579 apostolum
1142 497 1303 573 colebant,
1327 501 1391 562 hac

278 613 435 676 occasione
446 609 488 670 its
499 625 564 688 pree
577 626 609 664 se
623 603 773 675 lercham,
794 609 829 662 nt
840 611 997 684 appareat,
1020 603 1162 676 Paulum,
1179 606 1233 687 qni
1255 606 1389 667 circiter

276 719 437 782 triennium
451 711 568 795 Ephesi
590 717 790 770 commoratus
812 715 893 768 esset
918 708 1002 786 (Act.
1023 711 1076 782 19,
1099 711 1205 772 8.1o.
1229 711 1291 784 211,
1311 713 1386 791 sl),

277 819 529 888 modestissimum
547 837 668 898 semper
689 823 720 876 et
738 815 1003 898 prudentissimum
1024 836 1058 876 se
1080 816 1223 896 gessisse.
1275 817 1385 894 Quum

278 949 353 990 reru
376 925 483 987 concio
504 922 708 1006 Ephesiorum
730 921 852 982 omniuo
876 929 957 982 esset
976 922 1113 993 contusa,
1138 929 1182 993 et,
1204 921 1276 981 aliis
1300 924 1385 983 alind

280 1033 490 1102 clamantibus,
513 1027 652 1110 plerique
674 1027 838 1097 nescirent,
864 1027 948 1086 cnius
966 1047 1055 1086 cansa
1075 1047 1109 1086 re
1129 1048 1203 1088 vera
1223 1038 1382 1110 ageretur,

279 1139 384 1204 dudaei
404 1139 469 1198 sine
493 1135 586 1196 duhio
609 1133 756 1216 suspicari
779 1139 957 1214 coeperunt,
981 1131 1047 1191 fleri
1069 1151 1175 1214 posse,
1210 1142 1249 1194 nt
1271 1137 1382 1217 vulgus

278 1247 362 1330 ipsos
383 1247 516 1325 peteret,
538 1239 705 1320 praesertim
729 1259 821 1320 quum
842 1237 990 1298 eiusmodi
1010 1239 1267 1318 persequutiones
1287 1263 1378 1323 prop-

279 1359 329 1411 ter
351 1349 477 1408 aliarum
503 1345 684 1426 religionum
708 1349 915 1425 contemptum
942 1342 1054 1422 stepius
1082 1339 1140 1402 sihi
1169 1346 1375 1410 attraxissent.

278 1453 464 1535 Propellunt
484 1451 577 1531 igitur
606 1447 812 1511 Alexandrum
835 1447 984 1532 quendam
996 1448 1040 1526 ¹),
1077 1448 1130 1529 qni
1152 1469 1276 1516 causum
1300 1452 1379 1533 ipso·

279 1581 347 1622 rum
364 1565 445 1639 agat,
467 1555 647 1637 culpamque
668 1556 700 1615 iu
715 1553 903 1615 Christianos
918 1553 1098 1625 transferam
1123 1560 1167 1626 at,
1192 1577 1285 1638 qnnru
1304 1579 1374 1638 gen-

279 1665 350 1726 tiles
374 1663 467 1736 hunc,
487 1661 545 1720 diis
569 1661 723 1732 infestum,
753 1658 986 1740 cognovissent,
1013 1657 1058 1717 ira
1081 1665 1113 1718 et
1132 1658 1253 1720 clamor
1274 1662 1308 1721 in
1325 1663 1377 1722 irn-

279 1789 416 1832 mensum
444 1765 591 1828 adcrevit.
656 1765 794 1828 Tandem
827 1755 847 1829 o‘
874 1756 1099 1851 γραμματεύς
1131 1766 1203 1842 (cir.
1230 1767 1377 1840 Hemsen,

279 1875 304 1938 1.
322 1895 351 1937 c.
375 1895 447 1956 pag.
471 1872 549 1949 m)
578 1869 730 1951 publicam
753 1869 1003 1952 tranquillitatem
1024 1869 1169 1931 restituit.
1221 1872 1298 1934 Non
1323 1877 1380 1935 sine

278 1999 386 2061 magna
414 1976 574 2060 prudentis
601 1975 752 2056 Ephesios
779 1974 915 2047 monuit,
958 1975 1064 2035 Dianae
1089 1995 1201 2035 numen
1233 1979 1316 2040 adeo
1345 1981 1377 2040 ah

279 2084 419 2146 omnihus
443 2081 591 2141 celebrari
621 2087 654 2139 et
674 2079 755 2154 coli,
786 2089 904 2140 utnon
930 2081 1021 2141 modo
1043 2079 1172 2162 inutile,
1222 2105 1333 2146 uerum
1352 2095 1377 2146 et

279 2189 404 2251 stultum
427 2193 521 2260 esset,
545 2185 770 2268 precipitantur
791 2184 905 2267 aliquid
936 2185 1097 2246 inhaere
1121 2209 1238 2268 agere3
1274 2200 1376 2273 praete

278 2315 332 2358 rea
353 2294 506 2367 ostendit,
537 2291 725 2352 Christianos
746 2311 844 2372 neque
869 2291 1033 2373 sacrilegos
1057 2313 1137 2365 esse,
1168 2315 1274 2378 neque
1299 2298 1374 2359 dean
1427 2349 1428 2378 ,

279 2399 432 2470 irrisisse,
469 2397 619 2478 Ephesios
642 2405 743 2457 sutem
762 2417 867 2456 curare
889 2395 1021 2468 debere,
1058 2418 1097 2458 ne
1125 2397 1309 2464 turbulenta
1330 2404 1373 2463 illa
1425 2391 1427 2472 i

152 2505 154 2514 '
280 2502 426 2565 concione
448 2501 518 2582 plus
542 2501 599 2560 sihi
623 2501 722 2562 damari
745 2501 943 2574 attraherent,
977 2525 1067 2584 quum
1087 2503 1170 2586 qnod
1202 2510 1372 2587 praedicatio

279 2601 371 2670 Pauli
398 2606 504 2666 afferre
527 2605 657 2679 rulcret,
691 2606 716 2666 si
745 2607 823 2666 torte
851 2607 981 2668 llomnni
1002 2607 1092 2690 hujus
1113 2609 1278 2675 seditionis
1300 2618 1371 2698 ipsos
1420 2625 1422 2706 1

277 2733 349 2774 reos
373 2712 518 2772 facerent.
534 2743 576 2758 -
590 2711 684 2788 Quod
706 2711 774 2775 haec
806 2733 856 2772 rcs
879 2711 977 2773 Paulo
1008 2721 1068 2773 tam
1098 2736 1250 2798 prospere
1279 2725 1369 2794 cessit,

280 2816 345 2878 aine
367 2815 460 2876 duhio
481 2815 551 2875 iude
573 2817 684 2878 suetum
706 2823 767 2890 est,
798 2817 894 2899 quod,
927 2825 961 2878 ut
983 2820 1083 2880 coeteri
1108 2822 1255 2902 gentiles,
1280 2828 1370 2888 hume·

277 2924 372 2986 nitate
396 2930 428 2983 et
452 2921 576 2983 scientia
598 2921 731 2996 exculti,
762 2923 805 2982 ita
834 2925 1024 3004 magistratus
1047 2925 1193 3006 Ephesini
1222 2953 1289 2994 non
1319 2935 1367 2995 sine

278 3036 454 3112 contemptu
493 3029 734 3111 superstitiosam
771 3028 893 3110 plehem
932 3029 1132 3092 commiserati
1167 3045 1264 3110 sunt,
1315 3059 1367 3122 qna

278 3136 405 3196 deornm
426 3134 584 3195 simulacra
606 3135 743 3208 coleret,
774 3136 901 3218 perinde
923 3157 958 3195 sc
979 3136 1005 3196 si
1025 3137 1083 3198 ista
1104 3149 1208 3200 essent
1235 3143 1306 3224 ipsa
1324 3167 1367 3204 nu·

146 3297 154 3302 ,
278 3239 379 3312 mina,
408 3261 501 3321 quum
525 3241 583 3302 sihi
610 3261 671 3301 nou
694 3241 752 3301 nisi
775 3240 912 3324 symbola
934 3249 1107 3303 naturarum
1128 3247 1365 3326 superiornmd

277 3341 472 3404 invisibilium
491 3353 671 3426 apparerent
683 3347 730 3424 ²).

368 3445 432 3506 lam
453 3447 528 3506 nihil
549 3449 587 3508 dc
608 3450 724 3510 ratione
747 3449 877 3512 Paulum
900 3449 979 3511 inter
1003 3459 1034 3511 ct
1057 3452 1280 3542 gentiles-aute
1302 3456 1363 3535 legi·

294 3637 326 3702 1)
346 3636 515 3706 Numidam
538 3638 574 3694 sit
591 3640 768 3708 Alexander,
803 3641 899 3714 quiin
924 3643 943 3697 2
960 3644 1038 3700 Tim.
1058 3647 1084 3712 t,
1110 3646 1146 3700 14
1172 3651 1334 3719 appelletur
1352 3643 1363 3700 i

345 3727 475 3796 gelasio?

291 3818 324 3886 2)
348 3819 487 3874 cunct.
507 3821 550 3887 lt,
569 3821 604 3876 1³
622 3819 937 3898 deliciosissimis
956 3824 1122 3887 sideros
1150 3831 1217 3905 πρὸ
1233 3831 1295 3900 τῆς
1311 3828 1360 3885 πό·

348 3908 447 3990 ieme·
489 3913 559 3966 ''llie
578 3915 821 3988 cigenthrimliche
838 3919 1095 3987 dusdruclrsweisc‚
1115 3923 1161 3975 dic
1178 3924 1238 3976 sich
1258 3923 1321 3976 hier
1334 3935 1360 3973 sa

345 4002 429 4073 'l’ugo
447 4004 518 4075 lcgt,
536 4005 571 4059 ist
596 4007 699 4062 slsrsus
724 4025 761 4062 uu
779 4008 921 4073 erlldren,
950 4011 1013 4066 dues
1032 4030 1097 4067 risun
1119 4015 1194 4068 nuch
1214 4015 1264 4067 der
1285 4013 1358 4066 rohes

344 4093 612 4170 Vollsrorstellung
630 4099 680 4154 das
695 4098 762 4155 Bild
781 4099 913 4155 orirlrtieh
933 4103 982 4156 tur
1002 4103 1054 4158 den
1068 4105 1139 4163 Gott
1157 4099 1274 4162 nahm.”
1296 4101 1355 4157 out
