2862 4708
1010 261 1092 356 lid

62 496 170 558 batum
183 515 272 556 resae.
327 473 409 556 lluic
429 491 592 556 narrationi
612 490 732 573 optimu
746 491 884 574 congruit
904 490 1032 552 indoles·
1044 493 1155 554 utrius·

62 622 125 685 que
144 601 343 683 epistolaead
359 600 647 662 Thessalonicenses
667 617 685 657 a
702 596 800 658 Paulo
819 598 916 671 datae3
939 617 1007 658 uam
1027 597 1059 658 iu
1074 605 1155 658 utru-

63 727 127 790 que
144 706 187 766 ita
207 707 269 787 agit
296 713 384 768 autor
406 727 473 766 cum
495 705 679 777 lectoribus,
708 709 743 762 ut
766 703 854 763 focile
874 710 988 784 pateat,
1010 703 1155 764 Etbnieo·

60 812 256 874 Christianos
286 813 384 872 auimo
414 811 509 893 ipsius
537 811 712 880 obversatur
742 808 847 869 luisse.
905 808 1046 870 Abstinet
1074 811 1154 870 enim

61 918 215 998 ejusmodi
235 917 332 978 modis
345 917 569 998 rationibusque
586 913 814 997 argumentandi
834 915 873 974 ad
890 915 1001 995 placita
1020 917 1152 998 ingenia·

60 1045 125 1107 que
138 1023 325 1105 potissimum
333 1022 513 1086 Judaeorum
525 1021 771 1092 accommodatis,
792 1020 897 1101 quales
907 1021 979 1080 abbi
990 1022 1021 1082 iu
1032 1023 1153 1103 scriptis
1268 1023 1271 1036 '

60 1129 132 1211 ejus
152 1132 327 1214 frequenter
349 1129 535 1200 obveniuat3
573 1149 630 1188 nee
656 1127 760 1186 laudat
782 1147 838 1185 nec
861 1125 1024 1206 allegorice
1045 1133 1154 1186 tractat

60 1237 150 1296 effata
163 1236 311 1297 librorum
326 1234 441 1316 antiqui
463 1233 616 1305 foederis3
638 1232 817 1314 plerumque
838 1231 984 1313 exemplis
1010 1231 1105 1293 utitur
1122 1233 1153 1295 de

59 1341 219 1403 vocubulis
243 1363 260 1401 e
282 1342 344 1402 vita
367 1339 561 1421 moribusque
583 1335 736 1400 bominum
758 1338 955 1408 ctbniooruml
969 1339 1152 1420 desumpti„

58 1448 262 1530 pluribusque
289 1446 365 1506 locis
392 1445 524 1506 lectores
555 1451 695 1528 tauquam
723 1445 910 1507 Christianos
931 1465 948 1505 e
968 1465 1153 1527 paganorum
1247 1489 1260 1512 ,

59 1573 191 1613 numero
212 1553 324 1611 diserte
345 1551 509 1632 alloquitur
530 1553 564 1627 (l
586 1551 697 1612 Tbcss.
722 1553 754 1624 l,
776 1551 873 1614 licia.
895 1553 930 1624 2,
951 1553 1003 1612 lo.
1028 1552 1149 1630 4‚1³)·
1181 1614 1187 1624 ,

60 1655 298 1734 —Propterea
334 1654 417 1734 quod
455 1655 594 1734 plerique
624 1656 800 1715 Judaeorum
837 1655 1152 1719 Tbeasdonicenaium

60 1760 135 1821 iude
155 1760 193 1820 ab
216 1759 314 1830 initio,
347 1777 408 1840 qno
431 1758 618 1838 evangelium
646 1778 679 1816 ιιι
700 1758 776 1818 urbe
797 1779 902 1819 eorum
923 1759 1002 1820 tradi
1025 1769 1153 1842 ceptum

59 1849 124 1938 eri,
151 1864 289 1925 acerrimi
312 1864 493 1924 exstiterunt
519 1881 605 1923 novee
636 1861 790 1944 religionis
817 1862 920 1924 bostar
942 1863 1027 1947 (Aet.
1055 1869 1109 1940 17,
1130 1869 1153 1930 5

58 1993 132 2052 sqq.
156 1970 213 2029 cir.
237 1968 309 2052 54.
333 1969 422 2052 ξῧ),
444 1969 515 2029 inde
539 1970 666 2028 fortasse
689 1967 834 2048 explicari
856 1975 970 2050 puteat,
992 1993 1047 2032 our
1068 1971 1152 2034 nulla

59 2077 254 2156 reperiantur
273 2075 399 2155 uestigia
420 2073 485 2155 ejus
506 2074 611 2148 studii,
632 2072 719 2156 enjus
736 2073 1024 2138 dudeco-Christiani
1042 2078 1073 2138 in
1094 2099 1151 2140 cae·

58 2181 163 2253 tibus,
185 2180 318 2240 ..dudaeis
343 2179 574 2262 Gentilibusqde
606 2180 707 2240 mixtis
743 2189 864 2242 autores
901 2181 968 2242 esa'e
1004 2183 1157 2252 solerent.

59 2286 177 2347 Odium
197 2287 289 2359 enim,
319 2305 380 2368 quo
404 2287 543 2368 plerique
557 2285 737 2348 iudaeorum
750 2287 1064 2350 Thessalonicensium
1085 2311 1150 2352 acc·

58 2400 176 2453 tutores
199 2391 312 2454 Christi
332 2393 605 2475 persequebantur,
634 2411 706 2452 mox
728 2393 767 2452 ab
791 2393 876 2456 initio
899 2402 1013 2456 tantum
1034 2383 1151 2458 dissidii

59 2499 142 2560 inter
163 2497 296 2559 cultores
317 2498 414 2560 Musis
435 2497 466 2561 de
487 2515 554 2571 eoa,
585 2499 638 2581 qui
659 2497 858 2560 Gbristiauam
878 2501 968 2562 tidem
988 2502 1151 2584 amplecte·

58 2604 184 2676 bantur,
208 2605 338 2665 movisse
357 2605 489 2678 videtur,
508 2611 542 2665 ut
565 2605 603 2665 de
625 2603 688 2664 ulla
709 2605 889 2667 mediatione
911 2607 1150 2692 interutrosque

60 2731 101 2770 ne
126 2710 250 2790 cogitari
269 2711 391 2793 quidem
411 2717 527 2792 posset.
581 2710 647 2773 Nee
668 2711 770 2785 desiit,
793 2711 921 2794 expulso
942 2711 1040 2775 Paulo
1063 2716 1147 2797 (Act.

61 2818 119 2888 17,
141 2817 264 2895 loll),
289 2815 334 2878 ira
355 2818 532 2879 dudaeornrn
554 2817 684 2879 fervere.
726 2819 776 2878 Ex
797 2819 924 2900 epistola
947 2820 1026 2878 enirn
1046 2821 1149 2891 Pauli,

60 2923 81 2983 1
103 2920 214 2981 Tbeas.
238 2923 272 2994 2,
296 2925 349 2994 14,
372 2932 501 2994 constat,
523 2921 809 2982 Thessalonicenses
831 2924 920 2982 etiam
936 2929 1014 3002 post
1036 2923 1148 2982 disces·

60 3047 129 3086 sum
151 3025 240 3086 Pauli
262 3028 470 3087 vexationibus
490 3027 671 3107 gravissimis
700 3017 769 3090 sind
800 3024 870 3090 τῶν
898 3022 993 3091 ἰδίων
1014 3047 1159 3111 copton--

62 3129 170 3198 leonio
192 3131 284 3192 luisse
308 3131 467 3199 obnoxios.
522 3129 711 3192 Vocabulum
733 3129 957 3217 uopuutr'rqu,
981 3132 1064 3213 quod
1086 3126 1148 3198 o‘rr.

61 3239 133 3325 λεγ.
155 3245 202 3298 cat
224 3239 255 3298 in
276 3239 317 3301 N.
334 3239 391 3310 Τ.,
413 3234 558 3318 significat
580 3237 722 3318 proprior
748 3254 793 3300 ao
813 3236 920 3297 eadem
943 3237 1022 3298 tribu
1045 3241 1149 3300 oriun-

62 3345 132 3418 dus,
155 3365 245 3404 sensu
262 3343 381 3406 latiori:
410 3343 590 3426 populoru,
620 3344 675 3426 qui
696 3341 827 3423 ejusdem
850 3350 896 3403 est
913 3345 1014 3425 qautia
1037 3343 1068 3428 d·
1089 3367 1147 3409 ua·

63 3453 168 3514 tioniss
214 3451 286 3513 «lam
307 3468 381 3510 vero
408 3448 622 3532 συμφυλέτας
642 3447 955 3510 Thessalonicenaium
977 3435 1148 3533 intelligen-

63 3557 134 3618 dunr
155 3556 277 3639 quidem
298 3575 364 3615 esse
384 3552 423 3613 de
446 3551 586 3629 ethnicae,
621 3577 689 3616 cum
710 3554 890 3636 adjectivum
913 3555 1021 3618 deceta
1054 3556 1148 3626 ἰδίων

61 3654 308 3748 -εὑμετὲρων,
331 3669 394 3720 tum
413 3654 697 3742 appositionemque
718 3659 774 3725 καὶ
791 3652 888 3726 αὐτοὶ
906 3665 965 3741 (ac.
984 3661 1147 3724 Christiani
1230 3671 1232 3678 ’

62 3769 308 3847 Polaestineuaes)
330 3757 398 3832 uino*
417 3764 486 3832 τῶν
504 3757 668 3833 ’Iudaicum
711 3767 774 3828 Sed
794 3787 833 3828 ex
853 3767 993 3830 uberiora
1013 3769 1146 3850 descrip·

240 3917 292 3930 d-

66 4013 72 4020 '
132 3991 291 4058 bustuario
315 4002 343 4055 iu
368 4008 475 4088 textum
495 4001 603 4071 reecpit
625 3996 680 4056 τῶν
698 4023 727 4057 τι
745 4007 897 4076 σεβομένων
919 4007 975 4058 καὶ
995 3969 1158 4070 Ἑλλήνων,
1180 3997 1182 4002 ’

132 4108 219 4168 qaum
230 4095 381 4154 lectionum
397 4095 492 4150 Selactt
503 4109 612 4166 quoque
629 4093 659 4150 iu
668 4093 802 4167 Prolegg.
813 4097 842 4150 iu
858 4112 919 4164 epp.
930 4095 968 4148 ad
979 4091 1030 4148 Tt.
1040 4099 1146 4148 tuetur.
