2862 4708
63 558 152 652 ὑπὲρ
183 559 246 639 τως
274 557 399 639 λοιπαῖς
433 562 626 650 ἐκκλησίας,
658 561 790 645 (2001.
816 563 869 636 12,
892 563 934 627 lo
957 563 1015 623 alr.
1034 565 1054 625 1
1076 563 1150 626 Gor.

64 691 158 754 capp·
181 672 235 733 12.
261 671 327 753 14).
373 670 450 730 tium
474 668 651 730 confidentia
670 687 805 729 asserere
832 670 951 750 potuit=
987 671 1024 735 ἒν
1048 670 1154 738 παντὶ

60 765 306 861 περισσεύετε,
344 773 434 850 niso
463 775 518 841 καὶ
547 765 634 862 λόγῳ
665 771 721 840 καὶ
748 763 887 861 γνώσει,
922 774 1037 838 2Gor.
1061 779 1096 850 8,
1116 779 1149 840 ’7.

59 883 135 943 lleo
178 882 322 942 omniacio
369 879 491 964 patebat
535 879 691 960 integritas
727 879 869 961 Apostoli
910 881 942 941 in
981 881 1151 944 hominihus

61 987 231 1048 edocendis
252 989 274 1049 2
295 987 369 1047 Cor.
391 987 426 1060 ὅ,
451 987 503 1048 11.
566 983 800 1066 Turpitudinem
828 983 1040 1048 clandestinam
1066 1011 1153 1050 aver·

60 1100 149 1152 satus
168 1111 288 1174 sperare
310 1092 431 1174 potnit,
464 1091 677 1161 conscientiam
704 1108 766 1149 noo
793 1088 892 1150 solum
914 1089 1150 1168 Corinthiorum,

60 1199 120 1258 sed
144 1199 275 1259 omnium
306 1198 461 1258 hominum
490 1195 590 1256 studia
610 1215 664 1256 sna
687 1193 920 1278 approbaturum
940 1217 1029 1282 esse,
1061 1221 1153 1282 quum

60 1305 183 1366 nonnisi
173 1305 323 1367 veritate
345 1300 551 1386 patefacienda
566 1298 684 1382 judicio
699 1299 853 1362 hominnm
876 1321 910 1362 se
932 1269 1154 1368 commendaret

61 1413 97 1490 (2
121 1411 255 1484 ΕΜ,
275 1411 323 1488 2)
367 1407 466 1470 litium
487 1413 611 1468 cxtcrna
629 1405 808 1468 documenta
828 1407 1001 1489 legationi
991 1411 1085 1492 rpains
1107 1413 1152 1474 di-

60 1517 143 1578 vinae
161 1516 258 1576 Deus
269 1515 375 1575 deesse
399 1513 551 1586 noluerat,
582 1533 674 1595 quum
696 1513 833 1596 prodigia
854 1513 885 1576 ct
905 1522 1046 1596 potenter
1073 1518 1152 1580 lacte

62 1621 181 1682 Paulus
198 1619 343 1678 edidisset
358 1619 392 1700 (2
411 1619 486 1679 Cor.
502 1618 556 1690 12,
578 1619 620 1680 12
642 1617 699 1677 ct'r.
723 1619 742 1680 1
766 1617 840 1678 Gor.
864 1619 899 1690 2,
922 1617 970 1702 4),
994 1642 1061 1704 quae
1080 1643 1152 1704 pro·

64 1724 188 1795 barent,
214 1721 380 1782 doctrinam
402 1740 485 1782 suam
506 1741 568 1780 non
595 1721 633 1782 ab
653 1719 843 1794 hominibus,
880 1721 935 1782 sed
957 1745 976 1784 a
994 1724 1152 1792 Decesse

61 1829 247 1912 profectam.
418 1805 424 1815 ι
1003 1819 1005 1826 ’

64 1969 67 1975 ·
153 1933 198 2001 Ut
223 1931 340 1994 Galatia
362 1931 408 2015 (p.
432 1929 508 2014 123)
538 1928 580 1989 ita
603 1927 768 1990 Corinthiis
788 1928 971 2012 persuadere
994 1931 1155 1998 studebant

59 2041 132 2103 ialai
161 2041 328 2111 doctores,
359 2035 488 2098 Paulum
512 2055 564 2096 eos
586 2055 649 2095 non
674 2053 749 2096 vero
768 2053 869 2098 amore
892 2037 1044 2121 amplecti,
1069 2041 1154 2124 cnjus

59 2148 109 2209 rei
136 2143 342 2206 testimoninm
370 2131 629 2224 pscddodoetores
658 2139 843 2204 Corinthiaci
874 2143 982 2204 exinde
1013 2166 1154 2228 promere

60 2273 125 2313 non
142 2249 345 2321 verebantur,
376 2247 459 2330 quod
479 2246 646 2329 Apostolos
673 2245 843 2308 mercedem
871 2248 1065 2314 institutionis
1090 2273 1154 2318 suae

59 2381 82 2419 a
103 2355 268 2420 Corinthiis
293 2354 431 2435 accipere
455 2351 615 2425 noluisset,
639 2373 732 2434 quum
753 2359 853 2414 tamen
869 2351 953 2434 juata
975 2377 1076 2433 crosa,
1100 2380 1155 2423 cur

61 2464 144 2525 hanc
163 2459 376 2543 repudiasset,
405 2457 476 2519 indo
502 2465 584 2520 esset
604 2457 777 2541 querenda,
802 2477 840 2520 ne
864 2459 895 2521 in
918 2461 1153 2542 criminationem

62 2567 235 2640 incideret,
254 2579 295 2626 ‘se
316 2564 394 2625 locri
418 2585 506 2626 causa
528 2583 635 2626 munus
659 2565 792 2628 doctoris
818 2545 949 2642 obiisse,
985 2573 1153 2652 presertim

66 2695 161 2758 quum
190 2672 330 2733 doctores
353 2669 540 2750 judaizantes
569 2691 608 2732 ex
636 2669 689 2732 tali
718 2669 888 2734 innocentia
910 2677 1064 2740 materiem
1081 2679 1153 2800 plo·

61 2779 163 2844 riandi
185 2777 242 2838 sibi
270 2783 442 2860 quaererent
469 2782 484 2857 (
486 2768 585 2843 ''‘H
563 2779 734 2863 αμαρτιάν
755 2775 898 2865 ἐποίησα
915 2813 958 2830 -
975 2817 1017 2830 ·-
1035 2815 1078 2833 -
1081 2763 1152 2850 ὅτι

64 2875 250 2970 dcccdccc
268 2905 307 2947 cc
295 2881 387 2947 dei
404 2874 599 3002 εὐαγγέλων
615 2873 919 2970 adpyyaleoa'ppu‘
897 2895 982 2967 υμῖν
988 2907 1002 2962 3
1012 2919 1153 2934 ---

62 2983 221 3070 Acoct3
209 2982 261 3053 α’τι
277 2979 338 3052 οὐκ
354 2980 474 3074 cycno}
494 2977 607 3070 ὑμᾶς,
628 2979 674 3050 Ο
697 2977 781 3058 θεός
798 2983 900 3051 οἶδεν.
936 2981 988 3054 ’Ὀ
1003 2985 1151 3066 ttnoca,

63 3094 123 3162 καὶ
151 3083 302 3177 ποιήσω,
346 3093 406 3156 ἱνα
432 3081 560 3170 ἐκκόψω
591 3081 656 3175 τήν
692 3081 853 3176 (inoppino
882 3088 951 3156 τῶν
976 3084 1152 3162 θελόντων

64 3193 247 3286 ἄφορμην,
285 3201 341 3262 ἵνα
360 3199 410 3262 ’ἐν
441 3181 466 3281 ᾧ
499 3193 706 3284 καυχῶνται,
750 3187 917 3282 αἱρεθῶσι
945 3191 1064 3271 καθώς
1096 3203 1152 3270 καὶ

62 3301 167 3394 ἡμεῖς
186 3307 209 3367 2
230 3304 304 3366 Gor.
327 3305 381 3376 11,
404 3302 492 3365 Ὴ2.
516 3302 573 3362 eir.
598 3303 616 3365 1
639 3301 712 3362 Cor.
735 3303 769 3374 t),
788 3303 810 3364 o
828 3303 924 3383 καφ).
979 3301 1082 3367 Nihilo
1106 3315 1151 3370 ta·

64 3434 136 3474 men
156 3411 255 3471 minna
275 3409 398 3469 eoadem
417 3407 576 3480 homines,
616 3408 669 3490 qui
692 3414 723 3468 ct
742 3406 801 3490 ipsi
822 3429 890 3467 cum
910 3407 1073 3474 Corinthiis
1096 3415 1152 3477 do·

62 3519 132 3579 ω..
162 3515 193 3577 α
220 3513 427 3576 maculantes
453 3514 578 3595 agerent
607 3515 641 3596 (τ
662 3513 736 3576 oar.
763 3513 815 3585 11,
838 3499 902 3576 ω.
925 3516 959 3588 a,
982 3518 1049 3599 ιτ),
1089 3543 1151 3584 110„

65 3623 201 3707 pudebat
222 3621 422 3706 suspicionem
444 3641 579 3694 movere,
599 3641 634 3681 ac
656 3621 681 3682 ai
703 3618 830 3693 Paulus,
852 3623 984 3702 quamvis
1004 3625 1070 3707 ipse
1090 3627 1150 3690 co.
1178 3678 1181 3692 ,

65 3730 186 3808 rinthiis
216 3728 361 3789 molestos
384 3747 444 3788 non
469 3726 575 3789 masat
587 3767 598 3799 ,
628 3745 685 3807 per
714 3725 830 3808 legatos
852 3734 951 3790 tamen
976 3729 1007 3793 dc
1027 3733 1151 3799 comites

67 3857 139 3898 suos
157 3855 238 3916 opes
264 3833 370 3894 dolosa
397 3833 501 3894 lrande
530 3831 703 3912 collegisset
732 3833 826 3914 (ἔστω
856 3831 900 3899 di.
924 3828 986 3923 tyni
1009 3828 1030 3902 ai
1052 3859 1151 3902 κατε.

64 3931 198 4028 βάρησα
213 3932 316 4024 ὑμᾶς·
331 3929 403 4004 a'tt’
417 3929 579 4026 ὑπάρχων
601 3935 785 4026 πανῡργος,
805 3930 888 4028 do'tp
908 3935 1000 4028 ὑμᾶς
1011 3941 1147 4030 ἔλαβον.

66 4037 129 4131 Μή
153 4069 231 4112 τινα
255 4031 302 4110 ὦν
326 4035 496 4118 ω’πέςαλκα
515 4035 602 4133 πρός
622 4036 725 4129 ὑμᾶς,
749 4043 782 4111 dl
803 4038 887 4118 ociosi
908 4043 1149 4130 ἐπλεονέκτησα

65 4146 158 4238 ὑμᾶς
165 4174 179 4232 3
201 4142 421 4235 Παρεκάλεσα
448 4149 564 4227 Τίτον,
590 4149 645 4218 καὶ
667 4151 888 4223 concordantia
907 4143 968 4214 τὸν
990 4139 1147 4236 ἀδελφόν·

887 4305 920 4362 ⁹0
