2862 4708
347 219 429 370 ms

278 513 392 566 tutores
421 503 508 586 ejus,
549 527 677 591 quorum
697 449 785 568 multi
805 503 1024 588 imprudentius
1048 505 1132 588 justo
1154 526 1187 567 se
1210 509 1369 590 gerebant,

276 611 495 695 improbarunt.

784 777 859 861 §a

278 907 370 976 aaut,
389 921 512 978 quum
536 907 771 966 Christianis
790 920 811 961 e
827 869 1041 978 perstitimus
1056 920 1226 1010 uumeqo
1244 908 1366 979 leuem

263 1013 497 1090 ,monerem
518 1013 730 1068 obtrudere
752 1011 977 1074 studerent,
1002 1013 1184 1066 Pes-ulum
1205 1013 1365 1083 ejsuque

293 1117 518 1176 manuum
535 1109 868 1175 vehementissimo
887 1115 980 1170 odio
994 1116 1351 1184 persequebantur.

365 1257 428 1319 Sed
444 1264 555 1338 prester
569 1255 784 1318 imbecilliores
798 1255 869 1315 illos
883 1256 961 1315 Jesn
978 1261 1157 1328 sectatores,
1181 1256 1251 1337 qui,
1268 1278 1359 1339 qnam·

273 1365 320 1426 vis
340 1363 514 1424 liberiorem
537 1383 603 1422 eam
625 1383 675 1424 res
696 1362 853 1444 religiosas
874 1359 1083 1420 considerandi
1105 1361 1276 1437 rationem,
1305 1385 1357 1444 qua
1420 1415 1421 1420 ,

273 1469 389 1532 Paulus
411 1467 442 1531 du
466 1469 518 1551 qui
531 1489 599 1528 cum
623 1487 659 1528 eo
682 1467 843 1539 iaciebant,
869 1465 1043 1538 utebantur,
1066 1467 1189 1550 assequi
1212 1490 1273 1529 non
1291 1490 1359 1550 pos-

273 1581 353 1648 sent,
374 1575 406 1634 iu
427 1595 464 1634 co
485 1581 585 1633 tamen
606 1573 858 1655 acquiescebant,
890 1571 972 1652 qued
1003 1591 1107 1632 omnes
1132 1575 1253 1635 omniuo
1273 1575 1355 1635 Chri·

273 1681 361 1742 stinui
397 1701 489 1740 unum
522 1679 663 1762 idemque
700 1677 804 1739 salutis
836 1677 1031 1759 praesidium,
1066 1679 1193 1758 gratiam
1225 1680 1359 1740 nimirum

155 1799 162 1814 ·
271 1785 331 1849 Ilei
352 1805 409 1868 per
428 1786 536 1847 Jesnm
552 1785 706 1847 Christum
725 1783 970 1844 luculentissime.
982 1784 1211 1858 manifestatam,
1235 1788 1359 1869 amplec-

271 1901 427 1964 terentur,
458 1892 510 1952 alii
533 1893 655 1974 qnidam
677 1891 767 1950 fidem
789 1889 912 1950 Christo
941 1889 1072 1950 habitam
1094 1890 1302 1953 observationi
1319 1893 1358 1952 le·

272 1999 318 2080 qis
340 1997 485 2060 blosnicae
504 1997 581 2056 adeo
599 1995 843 2076 adstriuqchant‚
871 2002 905 2055 ut
928 2017 1074 2058 summum
1094 1996 1222 2058 instaret
1245 2000 1358 2080 pericu·

270 2105 355 2179 lum,
385 2125 423 2164 ne
445 2103 582 2164 doctriua
602 2100 765 2184 spiritualis
789 2101 936 2182 evangelii
959 2102 991 2162 in
1018 2101 1241 2183 legislationem
1265 2112 1355 2164 exter-
1420 2091 1421 2108 ¹

270 2234 340 2274 nam
361 2211 601 2283 converteretur,
619 2207 737 2290 jactura
759 2207 890 2268 omnium
912 2228 1016 2268 eornm
1033 2207 1252 2270 beneficiorum
1274 2212 1356 2282 tacta,

271 2339 340 2402 quse
363 2317 442 2379 «lesu
466 2315 588 2377 Christo
610 2321 734 2397 acceptu
754 2313 940 2375 ferebantur.
995 2313 1243 2380 Hoehominum
1270 2339 1355 2398 genus

271 2415 382 2498 Panlo,
414 2429 538 2485 strenuo
562 2420 710 2481 libertatis
735 2418 915 2500 evangelice
934 2418 1067 2491 vindici,
1099 2419 1198 2480 ubivis
1223 2421 1356 2483 locorum

270 2528 442 2612 gravissima
463 2526 630 2586 lacessebat
659 2527 780 2606 negotia
799 2531 951 2606 cautusque
975 2524 1163 2588 Christianos
1185 2547 1244 2608 per
1265 2536 1355 2590 totum

268 2655 367 2697 sevum
390 2632 588 2713 apostolicum
608 2631 804 2693 vehementer
826 2631 1036 2693 conturbabat.

357 2738 401 2800 Ut
421 2744 508 2798 antea
535 2737 772 2811 illustravimus,
816 2737 882 2798 lieri
908 2757 969 2798 non
990 2731 1129 2818 poterat,
1160 2739 1234 2822 quin
1257 2739 1355 2822 aliquo

266 2853 404 2926 tempore
435 2843 631 2926 praeterlapso
663 2843 796 2904 cultores
828 2844 943 2906 Christi
965 2843 1016 2906 vel
1040 2843 1169 2924 judaici,
1209 2851 1352 2928 quotquot

266 2952 375 3034 spiritu
396 2951 543 3034 evangelii
563 2971 636 3012 vere
656 2950 763 3011 imbuti
784 2958 881 3023 erant,
902 2950 983 3010 ultro
1007 2970 1044 3010 eo
1067 2949 1299 3024 adducercntur,
1319 2959 1353 3013 ut
1420 2995 1421 3030 p

265 3068 390 3122 externa
412 3058 532 3141 pietatis
555 3057 711 3129 exercitia,
746 3057 844 3139 qualia
866 3057 898 3116 in
921 3056 990 3138 lege
1013 3056 1148 3118 Mosaios
1172 3067 1260 3120 erant
1281 3039 1353 3140 prm·
1420 3045 1421 3102 i

265 3167 390 3246 scripta,
414 3163 551 3244 minoris,
574 3185 663 3246 quam
686 3168 785 3235 unua,
809 3163 1001 3236 estimarent,
1036 3163 1147 3246 quippe
1173 3185 1242 3244 quae
1265 3166 1354 3228 maxi.

264 3291 342 3332 mam
362 3278 479 3350 partam
500 3291 607 3351 parum
637 3267 806 3332 immediate
829 3267 1020 3332 oohaererent
1043 3291 1112 3330 eum
1131 3269 1245 3349 pietate
1268 3272 1353 3332 animi

263 3375 419 3436 interiore.
465 3375 541 3436 lude
561 3374 706 3456 explicari
726 3381 840 3455 potest,
866 3395 920 3435 our
942 3375 964 3442 ii
979 3373 1217 3457 Apostolorum,
1249 3379 1303 3460 qni
1325 3385 1353 3438 et
1420 3359 1421 3410 l

262 3480 321 3560 ipsi
352 3479 450 3561 legem
474 3481 639 3542 Massicum
669 3481 830 3562 diligenter
854 3481 1016 3544 ohservare
1044 3481 1232 3562 pergebant,
1267 3505 1300 3544 v.
1324 3506 1351 3546 e.
1420 3483 1421 3546 t

262 3586 417 3658 Jacobus,
450 3585 533 3646 hand
556 3588 732 3660 obstarent,
766 3587 938 3670 quominus-
955 3587 1083 3666 gentiles
1113 3586 1204 3652 tidem
1230 3587 1352 3652 Christo

241 3692 407 3786 «habentos
436 3690 525 3755 liberi
556 3689 781 3755 declararentur
803 3715 821 3754 a
848 3692 1006 3774 disciplina
1033 3691 1110 3773 legis
1129 3693 1277 3756 Moesicae
1301 3696 1352 3756 oh·

260 3797 419 3862 servanda.
479 3797 543 3858 Sed
570 3797 661 3878 louge
684 3797 743 3861 alis
765 3805 830 3862 erat
849 3799 927 3862 ratio
951 3796 1016 3878 ejus
1043 3797 1162 3877 generis
1184 3795 1350 3872 homiuum,

261 3907 312 3990 qui
341 3905 510 3966 adnomen
534 3903 648 3966 Christi
670 3905 872 3986 profitendum
896 3904 1019 3968 adducti
1042 3911 1147 3975 erant,
1182 3925 1351 3988 quanquam

259 4013 404 4089 beneficia
425 4011 549 4072 salutis·
558 4031 615 4092 per
638 4009 792 4075 Christum
816 4009 931 4076 oblatu,
946 4009 1034 4076 haud¹
1049 4009 1106 4072 rite
1129 4010 1347 4092 percipiebant.

258 4119 350 4186 Multi
374 4119 451 4185 cuim
472 4119 585 4193 studui,
609 4117 717 4206 quibus
736 4117 905 4202 testimonia
923 4116 1141 4204 Apostolorum
1162 4115 1349 4203 aliorumque
