2862 4708
306 249 388 338 lot

240 483 294 550 ut,
342 471 477 558 quamvis
506 465 650 530 nonnulla
682 465 906 549 vilipenderent
928 462 1086 538 instituta,
1130 481 1203 548 qnae
1239 463 1346 548 reliqui

237 581 343 645 Judmi
361 577 485 663 plurimi
506 575 690 638 aestimarent
711 578 758 649 (ι.
784 591 813 633 c.
839 570 1013 648 sacrificia),
1044 569 1105 650 ipsi
1132 575 1244 630 tamen
1270 571 1333 630 cei·

240 686 349 748 moniis
374 680 553 766 quibusdam
576 677 724 748 externis,
749 677 905 757 praecipue
934 673 1167 735 lustrationibus
1197 673 1332 756 quotida-

241 791 301 863 nis,
324 785 512 849 abstinentiae
532 784 570 844 ab
591 783 652 842 boc
672 779 767 842 illove
786 781 924 840 ciborum
945 786 1110 862 potuumve
1131 800 1266 860 genere,
1300 800 1341 839 ce-

241 891 404 958 lebrationi
425 888 577 962 sabbathi,
599 887 669 949 vitae
686 885 785 944 canni
804 884 871 944 aliis
897 883 1029 965 denique
1056 884 1169 944 borum
1198 884 1346 945 similibus

241 1019 390 1062 summum
416 995 587 1057 tribuerent
614 991 748 1074 pretium
761 992 804 1069 ¹).
838 1023 882 1036 --
904 988 1098 1050 Alexandriae
1128 1011 1263 1071 magnus
1293 990 1348 1050 Ju-

242 1105 377 1166 daeorum
398 1121 555 1172 numerus,
580 1097 633 1179 qui
653 1097 686 1156 in
706 1095 763 1154 bac
784 1093 860 1154 urbe
883 1093 1120 1176 regionibusque
1143 1095 1259 1156 vicinis
1279 1116 1348 1157 con·
1419 1163 1421 1184 ἒ

242 1208 375 1284 sederat,
396 1226 454 1287 per
477 1201 729 1274 familiaritatem,
764 1221 853 1282 quam
877 1220 945 1258 cum
966 1198 1162 1280 pbilosopbia
1186 1199 1348 1284 literisque

243 1313 424 1376 (iraecorum
446 1314 660 1380 contraxerat,
691 1327 729 1366 eo
752 1305 900 1365 adductus
924 1311 984 1377 est,
1015 1311 1063 1377 ut,
1088 1304 1199 1366 relicta
1232 1305 1348 1388 simpli·
1419 1315 1420 1318 ’

242 1417 319 1476 ciori
339 1415 426 1476 avite
449 1411 605 1492 religionis
627 1411 737 1481 forma,
765 1407 825 1469 boc
848 1407 906 1470 sibi
928 1407 1057 1470 maxime
1079 1422 1293 1490 proponeret,
1315 1411 1350 1471 li·

242 1525 323 1580 teras
345 1537 444 1578 sacras
476 1536 534 1596 ope
557 1515 816 1595 interpretationis
841 1513 1016 1595 allegoricae
1039 1515 1082 1574 ita
1106 1513 1282 1594 explicare,
1320 1521 1350 1574 nt

243 1623 302 1684 sibi
327 1621 550 1704 gentilibusque
572 1625 746 1700 appareret,
767 1617 830 1678 illis
853 1618 950 1679 literis
974 1617 1123 1680 contineri
1144 1619 1269 1680 iontem
1292 1621 1351 1681 ori·

244 1728 392 1810 pinarium
422 1747 551 1808 eumque
574 1723 768 1807 purissimum
790 1722 944 1804 sapientiae
973 1723 1179 1784 subtilissimae
1202 1723 1236 1785 ά·
1261 1747 1351 1808 quam

244 1833 374 1895 maxime
395 1833 566 1914 prolundoe.
625 1829 777 1907 Quoniam
804 1849 878 1890 vero
899 1827 922 1888 ii
942 1829 1002 1909 ipsi
1022 1827 1136 1900 Judaei,
1160 1829 1278 1909 quibus
1296 1830 1350 1890 Ju-

245 1937 377 2000 duismus
410 1945 554 1998 externus
586 1935 706 1996 nonnisi
735 1919 907 2016 symbolum
943 1933 1105 1994 uidebatur
1132 1935 1350 2014 mysteriorum

243 2041 490 2104 absconditorum
500 2085 511 2114 ,
542 2039 623 2100 baud
645 2059 714 2100 raro
737 2039 950 2120 opinabantur,
971 2037 1050 2098 viam
1069 2037 1109 2098 ad
1128 2039 1282 2120 mysteria
1301 2039 1349 2100 illa

245 2145 457 2230 perspicienda
478 2166 515 2206 co
538 2145 649 2206 certius
672 2143 785 2216 sterni,
819 2164 880 2224 quo
909 2141 1019 2222 majori
1049 2143 1201 2224 religione
1224 2153 1349 2206 externa

244 2253 322 2335 legis
342 2251 484 2315 Mosaicae
505 2257 673 2334 praecepta‚
694 2247 907 2309 traditionibus
922 2247 1014 2310 variis
1035 2255 1181 2308 exornata
1200 2247 1234 2312 (ie
1251 2260 1346 2323 auch,

245 2358 502 2429 observarentur,
532 2357 579 2416 bis
602 2343 723 2438 quoque
745 2353 913 2436 largissima
937 2353 1024 2434 eopia
1048 2354 1128 2412 lacta
1152 2359 1202 2413 est
1225 2363 1348 2416 externa

208 2491 214 2498 ·
243 2461 365 2541 pictatis
391 2462 535 2522 exercitia
557 2460 588 2523 <ir
611 2461 755 2542 praesidia
775 2459 898 2542 plurimi
926 2457 1151 2535 estimandi2).
1177 2493 1225 2508 —
1247 2462 1347 2537 Quum

245 2584 320 2625 vero
341 2564 443 2626 duduci
472 2572 544 2645 post
567 2565 690 2625 exilium
712 2587 769 2648 per
792 2573 890 2626 totum
913 2572 1063 2624 terrarum
1086 2563 1196 2624 orbem
1222 2566 1350 2647 dispersi

245 2667 312 2729 aliis
337 2688 457 2752 quoque
487 2667 518 2726 iu
548 2669 722 2748 regionibus
749 2669 830 2729 inter
859 2675 963 2751 gentes
994 2667 1219 2730 diversissimas
1249 2693 1346 2732 versa·

245 2779 365 2846 rentur,
390 2771 496 2832 eadem
516 2771 607 2844 ratio,
631 2793 697 2854 quar
717 2774 798 2834 inter
817 2775 947 2854 «ludaeos
969 2773 1159 2855 Graecosque
1190 2773 1346 2856 paullatim

245 2877 474 2951 intercedebat,
511 2875 585 2937 alibi
615 2899 737 2962 quoque
769 2879 850 2941 inter
881 2879 1011 2941 «ludaeos
1043 2879 1183 2962 aliosque
1217 2881 1346 2963 populos
1419 2917 1420 2926 ι

246 2991 314 3045 orta
337 2991 397 3056 est,
420 2983 496 3044 adeo
519 2989 554 3042 ut
572 2982 725 3057 notiones,
746 3007 861 3058 mores,
895 2984 1129 3045 eonsuetudines
1155 3006 1268 3046 eorum
1288 3009 1348 3047 mu·
1419 3067 1420 3072 η

245 3097 327 3150 tuam
358 3087 506 3172 quandam
534 3087 614 3147 iuter
644 3107 676 3147 se
705 3090 766 3149 vim
788 3091 949 3150 baberent.
997 3091 1141 3150 Attamen
1166 3113 1264 3173 quum
1287 3093 1348 3152 brec

246 3193 287 3251 sit
309 3193 362 3253 lex
384 3200 511 3266 naturae,
534 3199 569 3252 ut
588 3191 697 3253 fortior
717 3215 787 3274 pars
810 3195 1005 3254 infirmiorem
1030 3194 1070 3254 ad
1093 3215 1126 3254 se
1149 3191 1349 3270 trabat,'sor·
1419 3269 1420 3272 g

246 3295 308 3356 tior
328 3317 402 3358 vero
425 3299 477 3370 sit,
504 3317 572 3380 quoe
597 3297 753 3378 principiis
778 3299 839 3359 suis
862 3305 981 3360 constet
1003 3333 1046 3350 -
1064 3299 1131 3359 fieri
1153 3321 1219 3362 non
1236 3301 1344 3382 potuit,

207 3433 210 3440 ι
251 3422 483 3440 ἡ

265 3485 297 3554 1)
318 3487 377 3540 cn.
396 3489 511 3557 (preter
532 3493 611 3547 locos
634 3491 766 3548 classicos
792 3494 867 3563 apud
885 3493 999 3564 dosepb.
1020 3495 1056 3548 de
1074 3495 1145 3552 bell.
1171 3493 1244 3550 tud.
1269 3494 1308 3560 11,
1325 3492 1348 3557 8,

316 3575 392 3630 2-13.
435 3578 513 3637 dntt.
530 3581 611 3648 XIII,
629 3584 701 3648 5,,9.
719 3586 780 3648 XV,
798 3584 841 3641 10.
860 3584 886 3644 ⁵.
903 3580 1010 3650 'xvun
1030 3586 1057 3652 1,
1075 3585 1103 3640 ὅ.
1127 3585 1244 3644 Patron.
1266 3583 1348 3638 Liber

189 3672 200 3694 ⁰
317 3665 441 3736 qtuirquis
459 3667 557 3722 virtuti
574 3675 669 3727 rtndet
687 3693 714 3743 p.
732 3673 785 3728 457
802 3691 861 3744 sqq.
881 3677 917 3729 Τ.
936 3677 974 3742 ll,
995 3678 1070 3746 Opp·
1087 3677 1132 3733 ed.
1151 3677 1256 3746 Msug.
1277 3676 1345 3728 Plio.

317 3745 392 3812 ilisa.
411 3759 477 3812 Not.
498 3759 531 3823 l',
556 3760 605 3827 15)
629 3763 753 3834 linget,
791 3766 1010 3838 Bemerlungen
1036 3769 1108 3820 tiber
1133 3767 1189 3820 dou
1212 3766 1345 3827 versucia,

318 3851 369 3902 dor
387 3847 600 3904 Christenthum
625 3868 677 3906 aur
695 3856 762 3908 dem
779 3854 937 3910 Essaismur
956 3858 1136 3922 abuuleiton,
1162 3856 1194 3911 in
1215 3856 1346 3925 Magna

180 4011 185 4018 .
313 3943 366 4005 sair
384 3941 442 3994 cbr.
465 3940 565 4009 Dogm.
577 3961 604 3995 u.
619 3943 722 4005 Moral,
742 3945 799 3998 ber.
811 3963 864 3997 oon
876 3947 965 4009 stult,
984 3948 1061 4002 Titb.
1078 3946 1148 4000 1801
1162 3967 1191 4018 p.
1207 3947 1263 4004 12⁶
1275 3963 1329 4017 ης·

266 4027 298 4094 2)
317 4030 458 4094 Neardea,
476 4033 555 4104 Allg.
575 4033 683 4089 doch:
697 4035 748 4090 der
766 4036 827 4092 chr.
847 4038 913 4093 llel.
933 4039 956 4105 t,
975 4039 1002 4095 1.
1021 4059 1050 4110 p.
1070 4037 1108 4094 7⁰
1126 4055 1187 4108 sqq·
