2862 4708
1020 321 1102 410 145

75 538 204 613 mentor,
230 537 317 600 cauta
335 537 521 600 abstinuerat
544 560 561 598 a
584 547 668 599 certo
695 539 841 621 temporis
869 547 1022 606 momento
1055 547 1166 610 consti·

71 646 207 716 tuendo,
246 665 306 726 quc
338 645 471 725 gloriosa
502 643 555 705 illa
586 665 688 705 rernm
710 645 876 706 immutatio
904 657 1049 712 eventura
1071 661 1164 714 esset.

71 751 153 813 Haec
175 751 361 830 exspectatio
391 751 436 809 de'
451 770 546 830 reguo
569 751 722 812 Messiauo
746 770 818 810 mox
839 751 966 814 atiutnrc
990 756 1076 832 initio
1100 759 1167 840 qui

71 857 145 916 dem
166 855 246 914 baud
272 873 381 934 parum
410 855 568 942 potestatis
597 855 703 916 habuit
727 855 902 916 adnuimus
926 857 1165 924 Christianorum

50 959 390 1022 -Thessalcnicensium
410 960 570 1040 erigendos
592 959 689 1041 iisque
710 981 779 1019 cunr
800 960 1006 1026 fortitudinem
1026 973 1090 1027 lum
1112 989 1166 1049 pa·

69 1065 207 1126 tientiam
240 1065 389 1146 suggessit
416 1065 456 1124 ad
482 1073 608 1124 externa
636 1063 733 1135 mala,
775 1063 884 1144 quibus
914 1067 1038 1129 obnoxii
1066 1079 1165 1145 erant,

70 1190 163 1252 aequn
186 1172 284 1230 auimo
307 1171 501 1251 perferenda.
555 1169 619 1229 Sed
641 1189 733 1250 quum
757 1167 881 1250 aliquod
901 1177 1021 1253 tempus
1040 1183 1166 1255 preter.

68 1276 155 1336 iisset
177 1297 276 1358 neque
296 1273 436 1352 Messias
446 1273 646 1354 apperuisset,
669 1273 871 1334 dubitationes
891 1277 1027 1357 quaedam
1048 1280 1167 1344 obortae

71 1388 161 1455 suut,
202 1401 269 1462 quta
292 1380 406 1440 animos
429 1379 593 1439 multorum
619 1399 785 1466 suspensos
806 1382 962 1442 tenebant.
1018 1384 1167 1448 Nonnulli

70 1487 211 1546 dubitare
234 1493 411 1566 caeperunt,
442 1507 481 1545 an
501 1485 523 1545 ii
547 1484 662 1564 Christi
684 1485 817 1545 cultores
829 1525 840 1558 ,
872 1487 925 1568 qui
945 1496 1074 1550 mortem
1095 1497 1166 1552 aute

70 1591 204 1654 reditum
217 1589 332 1648 Christi
342 1589 501 1662 obiissent,
522 1589 752 1649 resurrectionis
775 1597 963 1652 mortuorum
984 1594 1099 1675 pariter
1121 1603 1167 1658 at·

75 1713 135 1775 quc
157 1692 193 1764 ii,
215 1709 345 1788 quprum
364 1693 426 1751 rita
447 1695 600 1752 terrestris
628 1694 666 1752 ad
688 1692 858 1776 παρεσίαν
884 1717 981 1776 usque
1003 1701 1166 1760 seruatoris

71 1797 282 1878 pertingeret,
311 1795 473 1876 participes
494 1797 587 1856 futuri
610 1804 712 1856 essent
735 1799 769 1874 <1
791 1797 909 1858 Thess:
925 1803 960 1871 4,
986 1800 1052 1879 13).
1104 1803 1168 1866 Alii

70 1902 285 1964 resuscitatum
307 1900 429 1982 quidem
449 1900 488 1960 in'
509 1907 645 1961 mortuos
669 1901 843 1982 sperabant,
866 1903 921 1962 sed
944 1905 1042 1965 scrius
1062 1905 1113 1967 rel
1135 1905 1168 1968 in

69 2008 168 2090 gradu
216 2006 360 2066 interiore
397 2006 578 2066 constitutos
625 2005 682 2066 hac
726 2005 869 2068 felicitate
907 2009 1059 2090 potituros
1097 2005 1166 2071 esse

70 2109 429 2194 opinabantur(4,15).
477 2111 538 2170 His
557 2109 793 2172 dubitationibus
817 2115 900 2175 vanis
922 2114 1091 2195 Apostolus
1113 2117 1169 2175 uc·

68 2227 137 2280 ster
165 2218 198 2277 in
232 2215 361 2298 epistola
391 2216 431 2275 ad
458 2215 747 2276 Thessalonicenses
771 2217 920 2279 Corintho
944 2220 1035 2279 missa
1056 2225 1169 2282 certans

68 2324 202 2406 opponit
222 2322 497 2402 exspectationem,
528 2297 743 2381 resurrectioni
765 2323 860 2403 ipsius
878 2325 1041 2385 servatoris
1062 2345 1169 2408 supcr-

67 2436 237 2500 structam,
265 2428 353 2499 scre,
379 2433 414 2485 ut
446 2447 550 2486 omues
574 2425 690 2486 Christi
712 2426 845 2487 cultores
874 2429 917 2509 pii
947 2429 1009 2490 vita
1030 2429 1169 2490 terrestri

65 2533 205 2597 defuncti
226 2533 258 2592 iu
278 2532 370 2591 vitam
390 2529 547 2592 meliorem
567 2538 732 2605 transeant,
754 2551 853 2613 neque
875 2532 938 2593 ulla
959 2534 996 2594 iis
1020 2535 1167 2596 conceda·

66 2649 124 2702 tur
143 2636 364 2719 prerogativa,
399 2637 451 2718 qui
478 2644 616 2718 tempore
645 2636 841 2718 apparitionis
862 2638 941 2698 desu
964 2639 1080 2701 Christi
1100 2641 1166 2722 glo·

65 2746 161 2808 riosae
181 2743 238 2802 hac
260 2742 292 2800 in
314 2747 395 2802 terra
412 2743 590 2823 superstites
611 2743 705 2802 futuri
726 2743 786 2802 sint
803 2743 837 2826 (l
857 2743 970 2806 Thess.
984 2747 1019 2818 4,
1042 2744 1165 2827 18-18).

67 2854 264 2931 Quamquam
287 2848 402 2908 Paulus
427 2849 517 2908 ctiam
539 2848 599 2908 boc
621 2847 692 2908 loco
716 2848 846 2906 reditum
871 2847 987 2908 Christi
1010 2849 1167 2909 solennem

66 2967 214 3038 tanquam
238 2961 384 3038 'eventum
408 2953 490 3012 haud
520 2951 630 3032 procul
663 2959 813 3010 remotum
846 2952 1016 3009 enuntiasse
1046 2949 1167 3010 videtur

67 3064 122 3145 (4,
145 3062 188 3124 15
207 3053 315 3145 ἡμεῖς·
331 3061 364 3122 οἱ
389 3056 510 3134 ζῶντες
538 3058 571 3118 οἱ
599 3045 876 3138 περιλειπόμενοι
898 3055 947 3125 alc
967 3045 1032 3138 τήν
1056 3075 1166 3137 παριῇ
1260 3067 1270 3072 ·

19 3199 21 3202 ·
67 3166 154 3238 oiiw
173 3164 213 3232 uti
235 3160 346 3248 uocis)
361 3161 405 3244 ¹),
429 3159 633 3221 curiositatem
653 3165 754 3220 tamen
777 3179 894 3232 eorum,
916 3159 982 3244 qui,
1006 3177 1067 3240 quo
1089 3163 1166 3219 tem·

66 3351 305 3372 ’‘aurun—-

71 3479 120 3546 .1)
139 3467 198 3532 Siao
216 3473 331 3545 quidem
346 3469 413 3537 iure
432 3466 571 3542 Tlclnclr,
591 3469 816 3532 Commeatum
834 3469 882 3524 nr.
902 3483 929 3526 a.
944 3468 973 3524 d.
992 3467 1075 3525 Hehr.
1094 3468 1164 3526 1884

144 3587 175 3640 p.
191 3565 244 3620 184
266 3565 416 3618 observata
442 3561 519 3616 ”Am
535 3564 599 3618 dem
613 3561 691 3636 Ιἧμιιι
715 3561 745 3620 ci
766 3561 982 3638 septiminum
1008 3564 1078 3618 itast
1102 3563 1166 3618 siclt

144 3659 219 3712 doch
244 3655 418 3726 heineswegs
441 3654 494 3708 mit
517 3653 679 3716 Sicberheit
702 3656 874 3721 sublimen,
900 3665 1041 3710 wne'mnn
1058 3653 1165 3708 dasena

142 3749 325 3821 geschlcsseu
349 3747 400 3800 hat
432 3747 510 3814 (dass
532 3749 640 3802 Paulus
666 3749 720 3802 deu
744 3747 864 3802 Eiutrttt
889 3747 940 3800 der
964 3743 1166 3802 Wledcrtnnlt

143 3843 193 3894 dee
217 3841 312 3893 Herru
338 3839 385 3892 bei
407 3838 501 3892 rainer
517 3839 684 3893 Lehcnssclt
706 3840 779 3893 noch
801 3838 853 3892 mit
880 3836 1093 3893 Beatimmtbeit
1119 3849 1165 3885 ar·

142 3937 246 3988 vertet
263 3931 368 3997 huba),
392 3930 494 4000 garrias
510 3930 548 3984 ist
567 3929 613 3984 din
634 3931 870 3984 communicative
890 3925 1086 4000 Sprachweise
1102 3923 1168 3976 dart

145 4019 298 4091 eniteris!i
333 4024 439 4076 Verum
456 4029 551 4076 temen
571 4019 676 4076 rectius
689 4021 755 4074 Pelt
766 4023 927 4091 (Commeat.
940 4022 969 4072 ιἰι
986 4032 1046 4084 epp.
1060 4015 1098 4066 ad
1112 4013 1164 4069 Th.

131 4111 247 4180 1⁸sz
278 4110 466 4182 ''annqumn
483 4114 581 4182 Apost.
600 4111 835 4169 communicative
859 4111 901 4168 ite
919 4112 1071 4180 loquatur,
1101 4121 1165 4159 ⁰⁸¹³

898 4255 934 4309 1⁰
