2864 4712
1063 285 1116 374 ll

90 514 203 598 pulos,
236 512 289 596 qui
318 507 442 590 egregio
463 505 511 566 nsi
532 505 593 565 siut
613 505 778 586 magistro,
808 525 866 588 pro
895 505 1015 568 diversa
1036 509 1180 572 indoleo

93 621 232 684 doctrina
255 614 348 698 hujus
371 634 406 677 ea
426 611 575 694 precipue
598 611 712 693 eligere
737 617 897 695 menteque
919 612 1044 676 volsere
1066 615 1179 692 solere,

92 749 160 812 quae
197 724 274 806 ipsis
313 720 438 783 maxime
472 717 613 800 plaeeaat
650 718 748 802 iisque
786 717 1009 800 respondeant,
1052 741 1182 804 quornm

87 821 156 918 jam
176 838 265 892 antes
284 828 376 909 magis
397 826 532 888 minusve
554 824 635 884 clare
658 823 716 886 sibi
738 825 850 888 eomeii
880 825 1003 888 tusani.
1060 828 1106 892 Ut
1125 829 1182 910 igi·

94 949 148 1002 tur
168 935 317 1020 apostoli,
346 939 435 1014 gente
456 931 707 1004 Palmatinenses,
730 933 838 994 Jesum
860 931 1006 994 vaticiniis
1023 933 1183 998 lliessianis

97 1065 137 1108 ex
156 1065 191 1104 ea
210 1050 295 1126 parte
318 1039 430 1122 optime
445 1037 624 1098 satisfecisse
646 1037 876 1112 existimabant,
897 1060 956 1121 qua
970 1039 1101 1103 studium
1122 1041 1183 1104 sia·

94 1171 172 1214 eerae
195 1151 227 1210 in
254 1145 444 1228 disoipliuam
463 1143 629 1206 Mossieam
651 1145 833 1208 phenennae
860 1165 922 1206 nou
948 1146 1050 1208 verbis
1069 1153 1184 1212 matum

94 1257 127 1320 de
148 1256 247 1328 tretis,
280 1252 336 1314 sed
357 1251 455 1311 animo
477 1248 509 1312 de
531 1248 685 1312 voluntate
707 1249 885 1332 westenda
907 1249 1110 1325 excitavisset,
1143 1255 1186 1316 ita

95 1359 297 1434 Helleuistis,
333 1358 524 1441 qui-nomen
553 1355 631 1418 «lesu
655 1355 769 1420 Christi
795 1356 962 1431 dederant,
996 1379 1032 1419 es
1054 1360 1186 1422 omnium

96 1468 226 1531 maxime
248 1465 434 1537 arridebant,
458 1483 526 1546 quae
545 1462 640 1522 «lesus
659 1462 699 1522 de
717 1463 801 1524 eultu
816 1463 891 1536 Dei,
913 1464 1022 1548 spiritu
1034 1465 1185 1550 animique

97 1575 224 1656 pietate,
248 1591 310 1633 nou
329 1571 437 1632 ritilsus
465 1569 631 1652 disciplina
653 1569 815 1644 bloisiete,
845 1569 1016 1653 prestando
1040 1571 1127 1650 (sloh.
1150 1574 1186 1647 4,

98 1681 143 1743 23
171 1685 251 1760 sep),
279 1678 317 1738 de
345 1675 461 1756 templo
491 1674 636 1736 invisibili
660 1675 692 1733 in
718 1675 819 1737 losum
843 1677 949 1758 templi
977 1677 1104 1740 risibil'u
1133 1699 1187 1740 ex·

103 1784 249 1844 struendo
277 1783 390 1864 (Maro.
409 1775 464 1849 14,
486 1779 543 1857 98)
573 1779 729 1840 doederst.
783 1781 827 1842 Ut
848 1781 977 1862 apostoli
1007 1785 1188 1866 praeipaaus
1297 1805 1300 1812 ¹

103 1889 303 1950 advertebant
323 1883 517 1948 attentionem
537 1882 622 1944 ad
597 1903 742 1944 ssueeram
761 1883 996 1966 religiositatem,
1018 1911 1078 1972 qua
1095 1891 1188 1952 «lesus

101 1994 237 2055 externit
268 1992 377 2054 ritibus
415 1990 507 2052 saeris
538 1987 745 2063 satisfecerat,
780 1989 823 2052 ita
853 1991 1038 2056 Hellenistas
1068 1997 1188 2058 minime

100 2100 257 2182 fugiebat,
289 2089 396 2160 Jesum
423 2077 531 2177 saepibs
562 2067 715 2176 praecepta
742 2095 840 2157 eultns
872 2099 990 2160 externi
1018 2100 1189 2182 neglexisse

100 2205 267 2288 officiisque
288 2202 478 2265 humanitatis
498 2202 705 2284 postposuisse
725 2199 851 2281 (Matth.
875 2205 929 2278 12,
949 2203 971 2268 9
988 2225 1037 2288 sq.
1060 2207 1113 2269 19.
1135 2209 1190 2280 19,

10 2385 15 2392 ⁴
101 2311 196 2396 laq.
217 2309 294 2373 Joh.
308 2313 352 2382 ’,9
374 2311 429 2373 14.
432 2293 559 2370 lllatth.
581 2307 616 2380 9,
637 2307 680 2372 29
699 2309 768 2386 ι1..)
797 2308 977 2372 Hellenistae
994 2311 1090 2418 enim,
1113 2311 1193 2376 iuter

102 2419 233 2501 gentiles
245 2419 404 2498 degentes,
428 2422 590 2498 propterea
609 2413 691 2497 quod
703 2436 771 2476 enm
787 2422 881 2477 testes
894 2417 1012 2480 fuerant
1024 2440 1190 2494 suetorum,

106 2524 217 2607 quibus
239 2522 367 2604 gentiles
389 2521 530 2602 pietatem
551 2521 642 2582 animi
664 2521 833 2603 exprimere
855 2523 1014 2599 solebant,
1052 2527 1193 2608 tum1psi

104 2629 217 2710 saepius
232 2627 484 2709 prohibebantur,
499 2627 656 2712 quominus
676 2628 850 2690 omnbus·
829 2649 867 2689 us
883 2630 1101 2706 ntisiseereut,
1125 2653 1193 2716 quta

102 2737 138 2797 iu
166 2733 235 2816 lege
257 2729 409 2795 Moesicae
436 2732 612 2817 praescripta
633 2737 738 2805 eraat,
774 2732 899 2796 liberius
926 2735 965 2798 de
985 2737 1077 2800 rebus
1100 2740 1193 2802 saeris

103 2841 217 2903 sentire
240 2839 418 2923 plerumque
446 2840 652 2902 instituerunt.
707 2839 810 2920 Quum
832 2840 924 2922 igitur
953 2841 1083 2926 apostoli
1106 2853 1194 2908 etele-

104 2949 192 3030 rique
225 2945 387 3008 Christiani
420 2945 652 3008 Paltestinenses
683 2945 948 3022 reformationem,
991 2972 1079 3032 quam
1110 2973 1194 3011 saera

102 3053 225 3136 judaica
234 3075 297 3136 per
318 3051 507 3134 evangelium
528 3051 642 3112 Christi
663 3051 798 3126 subitura
821 3061 935 3124 esseut,
959 3053 992 3114 iu
1015 3074 1053 3112 eo
1074 3053 1195 3134 potissi-

107 3181 191 3223 mum
207 3162 334 3242 positam
354 3178 422 3218 esse
443 3157 661 3226 existimarent,
690 3161 725 3214 nt
742 3155 808 3214 htee
830 3177 848 3214 a
867 3155 1078 3218 traditionibus
1097 3157 1195 3220 foedis

107 3265 334 3332 Pharisaeorum
363 3243 566 3332 lib‘erarentor
595 3267 686 3342 atque
711 3259 750 3322 ad
774 3245 919 3322 sinceram
944 3261 1032 3324 animi
1052 3265 1196 3350 pietatem

105 3379 335 3444 revomantur,
355 3365 551 3440 Helleuistoe,
571 3366 623 3450 qui
644 3365 832 3450 evangelium
847 3367 961 3434 Christi
982 3370 1042 3432 tide
1064 3375 1196 3456 amplexi

107 3486 210 3552 erant,
237 3478 365 3554 ulterius
387 3473 461 3558 quid
482 3471 656 3556 prospicere
669 3474 869 3548 ¹ridebantur.
923 3477 1051 3540 Constat
1075 3479 1195 3555 saltem,
1281 3461 1283 3468 ¹

108 3585 299 3667 Stephanum
320 3584 450 3666 primum
472 3580 577 3655 tuisse,
600 3583 652 3664 qui
673 3581 838 3644 doetrinam
859 3583 937 3648 Jesu
958 3585 996 3644 de
1018 3585 1101 3646 eultu
1121 3585 1196 3648 levi-

108 3692 173 3754 tieo
195 3713 252 3774 per
270 3689 467 3770 religionem,
503 3708 570 3772 quta
589 3689 696 3768 spiritu
718 3689 866 3772 animique
890 3691 1003 3772 pietate
1032 3699 1196 3766 constaret,

109 3797 186 3860 olim
207 3776 394 3878 abrogando,
417 3795 529 3857 diserte
550 3793 755 3876 profiteretur.
804 3795 847 3858 Ut
865 3795 944 3858 enim
966 3798 1116 3881 quondam
1128 3798 1198 3860 falsi

109 3911 206 3975 testes
230 3890 655 3987 (ΨιιιδομᾶρτυρεςΜιιῑὶΙι.
680 3901 735 3972 29,
758 3903 800 3964 69
821 3902 878 3963 eir.
901 3901 972 3964 det.
995 3905 1029 3975 (i,
1053 3905 1094 3966 12
1112 3917 1213 3982 spem.

111 4011 183 4084 date
204 3999 388 4095 μάρτυρες)
408 4007 500 4069 verba
524 4005 639 4068 Christi
662 4004 701 4064 de
734 4007 848 4089 templo
878 4007 1013 4068 manibus
1043 4015 1197 4070 exstructo

108 4113 294 4186 destruendo
314 4115 434 4197 alioque
456 4112 653 4210 exstruendo,
679 4113 760 4194 qaod
786 4113 921 4176 manibus
940 4131 1001 4173 uon
1019 4113 1195 4174 edificatum
