2862 4708
344 285 401 372 {B

201 485 204 492 ¹
281 531 362 584 esse,
382 515 417 566 ut
438 499 574 582 eorporis
597 513 682 576 aeque
712 509 747 550 ae
770 487 969 550 animi¹tires
995 484 1160 544 adnutum
1182 479 1247 541 ltei
1270 487 1371 559 parate

281 621 355 690 sint,
377 611 458 673 illius
479 602 628 668 voluntati
647 601 876 678 obtemperent,
908 592 947 652 ad
968 591 1065 651 officia
1087 583 1370 670 illi-prestanda&

281 729 313 786 in
335 719 461 804 gloriam
481 711 564 773 illius
587 705 786 768 adhibeantur
808 699 839 762 ά
860 699 1050 760 eolloeentnr
1059 694 1122 776 1).’

371 823 454 895 Alii,
496 817 548 900 qni
576 831 730 874 assensum
760 806 908 868 doetrinae
939 802 1028 865 Pauli
1058 802 1096 861 de
1117 799 1274 878 'libertate
1303 793 1367 855 chri-

281 935 376 995 stiana
412 925 609 1009 praehehant,
647 915 729 978 hand
763 913 885 996 quidem
919 911 952 970 in
983 917 1045 968 tam
1084 926 1210 988 gravem
1229 896 1367 962 'errorem

282 1037 400 1119 delapsi
422 1038 528 1103 erant,
560 1025 614 1088 sed
635 1029 763 1106 propter
783 1019 925 1088 nimiam,
964 1037 1053 1097 quam
1074 1011 1308 1092 incognitione
1327 1030 1367 1068 sna

281 1143 464 1232 perfectiore
486 1133 676 1198 eolloeahant
696 1125 857 1197 hdueiam,
894 1123 926 1182 in
953 1141 1101 1181 summum
1123 1116 1292 1179 disesimen
1312 1137 1366 1174 eum

282 1255 373 1315 tidem
396 1249 427 1310 «t
447 1243 625 1324 religionem
654 1244 719 1296 tum
750 1229 840 1292 animi
870 1229 1013 1311 pietatem
1034 1245 1217 1310 morumque
1244 1223 1362 1283 sanctita·
1410 1259 1411 1328 p

282 1369 344 1420 tem
363 1351 565 1427 adducebant.
616 1343 666 1405 nd
692 1341 752 1400 hoe
780 1337 934 1398 hominnm
962 1353 1055 1415 genas
1087 1329 1285 1392 iireferendi
1303 1331 1364 1386 sunt
1410 1329 1411 1410 1

283 1459 447 1530 Corinthii,
472 1455 537 1537 qui,
562 1469 654 1533 qnam
677 1467 730 1506 ore
754 1449 895 1526 gererent
918 1439 1084 1500 doetrinam
1105 1437 1220 1517 saepius
1242 1459 1258 1494 a
1279 1434 1366 1495 Panlo
1410 1413 1411 1440 ¹

282 1565 481 1629 inculcatam:
519 1547 643 1624 Πάντα
666 1575 726 1637 μοι
751 1551 869 1625 ἔξεστι,
893 1549 911 1609 1
934 1545 1009 1606 Gor.
1033 1547 1066 1615 o,
1089 1544 1141 1605 12.
1168 1533 1284 1609 Πᾶηο
1305 1538 1367 1624 μέν

216 1693 219 1698 “
282 1659 436 1757 καθαρά,
454 1667 547 1728 lium.
567 1663 621 1734 14,
644 1661 698 1722 20.
748 1647 862 1723 oddo
881 1643 996 1718 κοινὸν
1018 1641 1060 1716 δι”
1082 1641 1185 1724 ades,
1209 1651 1238 1714 εἰ
1262 1639 1307 1732 μὴ
1326 1645 1368 1731 τῷ

281 1774 487 1868 λογιζομένῳ
517 1795 550 1837 τι
573 1758 691 1834 κοινὸν
713 1765 814 1837 εἶναι,
850 1757 965 1824 ἐκείνω
989 1748 1105 1821 κοινὸν
1128 1755 1224 1816 Rom.
1248 1755 1367 1826 1111.

283 1878 407 1957 Πάντα
422 1881 487 1968 μέν
503 1865 640 1959 καθαροὶ
659 1881 731 1942 τοῖς
747 1860 914 1950 καθαροῖς
923 1863 988 1924 Tit.
1001 1861 1156 1934 l,lh.‚ad
1174 1859 1295 1941 epulas,
1312 1880 1369 1942 qua

283 1991 489 2075 agentilihus‚
509 1979 641 2065 peractis
660 1973 825 2045 sacrifieiis,
844 1969 962 2031 institui
982 1967 1133 2041 solebant,
1154 1969 1305 2027 accedere
1319 1988 1366 2025 non

284 2095 475 2166 dubitabant,
505 2109 597 2171 quum
618 2107 636 2144 a
658 2079 836 2165 propinquis
858 2076 889 2138 de
907 2075 1009 2135 amieis
1029 2066 1288 2146 invitati'essent,
1310 2072 1365 2154 qaia

283 2207 373 2266 etiam
400 2202 432 2261 in
469 2196 542 2280 ipsis
576 2187 711 2253 delubris
740 2183 918 2246 aeeumbere
946 2201 1008 2242 non
1035 2177 1220 2240 verebantur
1252 2181 1286 2257 (l
1307 2179 1365 2238 Gor.

173 2356 176 2362 =
282 2303 559 2386 8‚to.10,27).
617 2297 671 2360 hd·
689 2295 766 2354 hane
796 2289 943 2351 rationem
960 2285 1191 2392 ,defendendam
1214 2285 1275 2344 hae
1296 2307 1366 2365 argu-

283 2415 466 2479 mentatione
498 2408 546 2467 usi
575 2423 642 2464 ease
671 2400 830 2462 videntur:
860 2393 981 2454 numina
1000 2411 1186 2474 paganorum
1210 2411 1280 2450 esse
1302 2413 1365 2450 eon

283 2518 419 2586 mentitio
455 2515 486 2576 de
513 2531 596 2572 mera
628 2505 861 2588 'phantasmatas
908 2501 996 2560 fietos
1028 2499 1112 2558 Beos
1150 2497 1254 2579 epulis
1291 2497 1366 2558 saeris

284 2626 362 2698 eoli;
403 2620 552 2681 ne'minem
580 2616 659 2675 inter
687 2609 874 2674 Christianos
904 2605 954 2702 de¹
972 2625 1044 2667 vera
1074 2603 1198 2664 illorum
1224 2604 1368 2665 existentia

283 2727 511 2814 persuasionem
533 2721 590 2782 sibi
613 2698 781 2787 inducere3
817 2695 868 2796 ilai
889 2733 963 2774 vero
986 2731 1047 2770 non
1068 2710 1185 2784 eredat,
1234 2712 1299 2771 illos
1321 2731 1367 2768 ex·

282 2840 400 2908 istene,
432 2853 501 2892 eum
521 2845 620 2909 neque
642 2822 779 2884 convivia
802 2819 976 2880 sacrificalia
1004 2818 1035 2878 in
1059 2817 1264 2877 Deastrorum
1283 2817 1367 2876 hono-

282 2966 349 3006 rem
372 2937 528 3002 celebrare
550 2954 649 3016 neque
672 2929 733 2991 illis
756 2925 901 2988 adeundis
924 2923 1103 2985 idololatriae
1123 2944 1211 2984 reum
1239 2917 1366 3003 &parti-

267 3052 383 3134 ‘eipem
414 3045 502 3117 fieri3
546 3063 615 3102 eum
635 3038 726 3120 igitur
746 3053 836 3116 posse
858 3033 914 3092 hae
943 3051 1022 3091 eaena
1049 3030 1094 3089 nti
1122 3029 1233 3089 eodem
1256 3025 1368 3110 jured-

284 3154 469 3219 conscientia
491 3169 576 3232 aeque
597 3147 692 3209 illaesa
709 3162 745 3236 ae
767 3138 882 3202 eaeteris
904 3138 1021 3219 cibat)
1041 3136 1075 3220 (1
1095 3135 1170 3198 Gur.
1186 3137 1222 3198 8.
1244 3139 1262 3198 l
1284 3132 1368 3218 supp).

289 3300 520 3317 *uun-

301 3382 333 3448 1)
354 3359 551 3446 uaeramus
573 3375 610 3427 aa
633 3374 699 3441 cap.
720 3371 747 3426 o.
767 3387 808 3439 ep.
827 3385 872 3437 pr.
891 3367 928 3421 ao
949 3367 1010 3419 eor.
1122 3411 1123 3414 a

303 3471 414 3539 2)(111.
444 3466 631 3534 Heydeoreteh
661 3465 697 3517 nd
719 3464 788 3532 Cap.
816 3462 891 3516 vm.
920 3461 941 3512 l.
967 3477 990 3514 e.
1037 3458 1113 3511 Tota
1137 3455 1198 3510 hee
1226 3453 1371 3527 disputatio

356 3561 453 3631 paullo
472 3558 559 3611 alitor
572 3563 614 3610 est
632 3555 836 3618 constituenda,
854 3553 878 3606 si
897 3551 932 3605 iis
950 3551 1141 3605 accedendum
1160 3548 1197 3602 sit
1217 3547 1372 3618 interpreti·

353 3655 418 3716 hus,
436 3650 593 3720 quiverhu
618 3645 704 3702 Penii
722 3644 746 3699 81
764 3645 967 3714 discipulorum
987 3643 1065 3709 ejusa
1092 3638 1216 3710 oidopev,
1243 3633 1287 3696 ‘dee
1313 3633 1373 3694 οἰδὲν

354 3742 464 3802 εἴδωλον
482 3740 510 3796 ἐν
530 3759 619 3810 κοομῳ
636 3739 695 3807 (καὶ
712 3733 756 3794 ὅτι
772 3733 854 3793 oo'deos
866 3733 934 3792 dede
953 3733 1048 3803 ἕτερος,
1067 3729 1092 3787 εἰ
1106 3729 1145 3802 μὴ
1164 3728 1215 3798 εἷς)
1235 3734 1251 3786 l
1269 3727 1373 3789 Gor-8,

354 3833 503 3896 tctr.1o‚
522 3831 565 3886 19.
587 3831 630 3885 20.
650 3849 683 3884 ao
701 3847 784 3884 seusu
798 3829 951 3898 accipiunt,
979 3843 1013 3879 oe
1032 3825 1057 3878 si
1075 3825 1183 3877 Paulus
1201 3824 1227 3878 de
1249 3825 1303 3894 qui
1322 3838 1376 3876 enm

357 3947 390 3984 eo
409 3926 569 3988 faciehant,
595 3941 649 4003 non
670 3922 847 3976 existentiam
865 3922 1049 3972 Detsstrorum
1065 3917 1093 3970 in
1111 3917 1280 3970 universum
1300 3918 1376 3968 dene·

355 4009 495 4090 paverint,
520 4018 569 4070 sed
588 4015 766 4070 existentiam
783 4019 894 4067 tautum
913 4028 1029 4074 sorum,
1056 4015 1193 4078 quotenus
1213 4009 1320 4062 dietum
1336 4024 1377 4058 aa·

357 4122 426 4168 terte
447 4111 632 4167 haberentur.
687 4106 759 4164 Sunt
778 4105 863 4168 enim,
888 4103 937 4175 qui
959 4095 1151 4168 arbitrentur,
1169 4102 1376 4158 Paultunean-
