2864 4712
1054 253 1108 336 21

75 475 227 546 homines,
251 491 383 556 qnorum
404 471 470 552 ipsa
492 469 544 530 illa
562 470 706 552 patientta
729 469 760 532 4
781 469 944 544 tortitudo,
978 493 1067 556 qnam
1091 474 1170 536 tan..
1196 437 1200 446 ¹

72 580 165 639 tismo
190 578 257 659 ejus
279 577 494 658 opponebant,
527 576 713 637 contumacia
743 597 835 638 coeca
854 575 885 638 4
904 577 1054 639 diabolica
1077 581 1106 641 ei
1127 581 1171 642 ‘vi-

72 685 228 755 debatur,
265 689 349 742 metn
371 681 401 742 4
422 680 673 742 terriculamentis
696 681 735 742 ad
758 679 920 742 meliorem
938 682 1057 764 frugem
1080 683 1171 744 reda·

72 811 147 849 cere
171 788 310 848 studere.
351 787 393 848 At
411 807 504 868 quum
525 786 596 848 hnic
617 789 718 848 studio
743 787 831 848 enixe
854 788 1054 862 incumberet,
1079 809 1170 850 even·

72 901 127 956 tus
152 893 207 952 ille
229 893 346 952 omnino
367 891 540 972 singularis,
578 913 669 974 quem
690 892 806 953 Paulus
829 901 973 974 expertus
996 901 1055 968 cst,
1077 917 1170 979 qaum

71 998 256 1059 Damascum
286 999 324 1058 ad
356 997 546 1058 Christianos
582 997 737 1058 vexandos
777 1007 957 1080 properaret
988 999 1074 1079 (het.
1107 1001 1168 1062 lx.

71 1103 181 1164 XXII.
205 1102 357 1181 XXVI.),
391 1101 502 1174 effecit,
531 1109 566 1162 nt
589 1104 746 1184 persuasio
776 1102 842 1185 ejus
866 1103 1008 1184 religiosa
1030 1106 1170 1186 parissi·

68 1231 150 1270 mam
175 1208 276 1268 subito
301 1206 497 1267 mutationem
519 1207 649 1269 subiret.
706 1207 778 1270 Non
804 1208 896 1290 hujus
919 1209 981 1270 loci
1014 1215 1062 1270 est
1083 1231 1170 1272 aecu-

67 1315 166 1377 ratins
189 1315 221 1374 in
250 1313 328 1374 hanc
357 1333 422 1372 rem
452 1313 606 1394 inquirere
629 1311 680 1373 vei
710 1333 762 1374 eas
790 1314 973 1396 questiones
1001 1314 1170 1376 dissolvero

69 1419 196 1493 conari,
230 1439 298 1510 qnae
325 1417 383 1478 hac
405 1419 563 1480 occasione
588 1419 719 1500 proponi
741 1418 859 1480 colente
897 1425 999 1480 atram
1022 1421 1168 1482 revelatio

69 1525 201 1598 Christi,
230 1544 299 1606 quae
323 1524 449 1604 contigit
471 1524 591 1597 Paulo,
615 1525 733 1584 interna
753 1546 791 1585 an
813 1531 939 1586 externa
961 1525 1077 1598 inerit,
1105 1525 1165 1588 ἀι.

69 1630 191 1690 Sufficit
210 1650 357 1702 monere,
387 1650 449 1689 non
467 1651 548 1716 esse,
578 1653 634 1690 cnr
652 1637 836 1704 statuamus,
864 1651 923 1718 per
945 1629 1030 1691 illam
1050 1631 1167 1693 revela·

71 1734 208 1805 tionem,
240 1734 280 1792 ad
302 1755 391 1813 qnam
412 1734 529 1794 Paulus
552 1736 719 1794 doctrinam
741 1743 953 1816 empostae
975 1757 1095 1818 semper
1117 1759 1166 1798 rou

70 1838 193 1898 t'erchat
222 1837 308 1916 (Cal.
330 1839 364 1910 1,
388 1840 418 1899 l.
442 1840 495 1899 11.
520 1839 612 1899 121
634 1839 710 1899 Cor.
734 1841 769 1912 a,
791 1841 822 1902 l.
846 1841 900 1912 lh,
923 1841 972 1920 9),
993 1841 1166 1904 historicam

67 1944 203 2026 aliquam
226 1959 398 2003 sermonum
420 1941 451 2002 4
475 1942 546 2004 vira
570 1943 650 2018 desa
673 1943 787 2006 Christi
809 1945 1009 2027 cognitionem
1032 1948 1166 2030 imperti-

66 2057 231 2109 tamesae.
287 2047 337 2108 Ad
366 2047 444 2106 hanc
466 2047 546 2106 enim
569 2049 799 2129 comparandam
826 2050 908 2111 hand
930 2071 1007 2134 opus
1030 2061 1095 2114 erat
1116 2075 1163 2114 re-

66 2155 219 2215 velatione
243 2153 366 2226 divina,
400 2174 494 2236 φιιιιιι
515 2155 725 2234 opportunitas
756 2155 816 2238 ipsi
844 2177 905 2218 non
929 2155 1075 2216 detirisset
1098 2179 1165 2237 gra-

65 2260 189 2321 vissima
212 2279 340 2341 quaeqae
369 2259 594 2339 cognoscendi,
637 2280 705 2342 quoe
735 2259 774 2320 ad
793 2261 885 2322 vitam
905 2260 937 2323 4
960 2261 1021 2320 tata
1051 2261 1166 2324 Christi

5 2415 7 2424 ,
65 2365 269 2449 pertinerent.
324 2364 443 2426 Veram
470 2386 563 2447 φιιιιιι
593 2372 701 2439 antea,
744 2387 810 2450 qum
833 2367 950 2430 Paulus
979 2367 1019 2428 de
1040 2367 1165 2432 Christo

66 2477 227 2549 comperta
246 2461 391 2542 habehat,
420 2471 538 2532 nonnisi
565 2491 630 2531 earn
653 2471 878 2533 habuissent
849 2495 923 2547 vrm,
952 2480 988 2533 nt
1008 2475 1163 2536 confirma·

46 2579 157 2637 'retur
179 2575 338 2656 persuasio
362 2575 427 2656 ejus
458 2577 497 2638 de
517 2577 593 2637 Jesu
623 2576 856 2650 t'elsoMessia,
888 2579 926 2637 ah
947 2578 1008 2638 hoe
1028 2587 1165 2661 tempora

64 2681 173 2742 eadem
195 2679 250 2740 illa
273 2681 439 2742 certissime
460 2683 489 2741 ei
511 2683 693 2764 probarunt,
725 2682 833 2743 desum
854 2703 926 2743 rere
948 2684 1042 2746 fuisse
1063 2707 1164 2748 serva·
1227 2685 1233 2708 ⁸

65 2793 166 2848 torem
186 2784 273 2846 illum
295 2809 312 2846 a
335 2788 492 2870 prophetis
513 2788 554 2850 V.
578 2788 619 2848 Τ.
642 2787 838 2869 promissum,
860 2787 913 2870 qui
932 2793 1165 2871 exspectationi·

64 2889 124 2952 hus
145 2891 305 2954 Moesiacis
326 2891 380 2952 tali
403 2895 517 2954 ratione
534 2893 743 2966 satisfecisset,
765 2913 832 2975 qnae
853 2893 1011 2974 opiniones
1033 2898 1166 2957 omnium

67 2997 248 3058 dudaeornm
275 2997 366 3080 longe
396 3007 566 3082 superaret.
626 3001 691 3060 Per
720 2999 938 3059 revelationem
965 3000 1045 3058 enim
1066 3001 1165 3084 Panlo

70 3121 244 3162 concessam
265 3105 435 3182 persuasio,
460 3126 550 3184 quam
567 3102 631 3182 jans
651 3080 827 3162 Pharisaeus
848 3108 1004 3158 assecutus
1026 3107 1103 3173 erat,
1127 3077 1165 3164 de
1211 3153 1218 3172 ,

68 3205 226 3286 euangelio
248 3207 362 3270 Christi
382 3207 610 3287 abrogationem
631 3205 732 3264 cultus
753 3204 883 3265 Moesici
902 3204 1083 3281 adductura,
1110 3209 1165 3270 mi·

67 3313 147 3374 nime
170 3312 287 3376 sublata
308 3321 369 3386 est,
391 3333 497 3374 verum
518 3309 653 3370 simul
625 3330 654 3369 er
674 3309 856 3390 patefactum
878 3317 938 3385 est,
960 3313 1043 3395 qnod
1063 3319 1163 3389 antea,

68 3419 139 3478 odio
163 3417 194 3480 4
216 3407 374 3480 fanatismo
397 3415 613 3500 perturbatus,
638 3415 720 3477 hand
739 3417 914 3500 perspicere
935 3419 1074 3480 valebat:
1108 3443 1165 3502 per

67 3525 306 3586 destructionem
326 3525 409 3584 itlius
442 3522 540 3585 cultus
566 3521 644 3583 viam
671 3523 766 3584 sterni
785 3509 838 3583 'ad
868 3524 1019 3586 civitatem
1041 3525 1102 3585 Dei
1125 3545 1163 3586 ex

65 3630 208 3690 universo
222 3630 378 3692 hominnm
394 3649 505 3709 genere
525 3629 725 3701 condendam,
746 3629 778 3688 in
794 3650 853 3711 qua
869 3630 981 3701 omnia,
1004 3650 1070 3712 quae
1090 3649 1162 3712 pro·

69 3735 169 3818 phetae
191 3735 343 3798 vaticinati
367 3743 468 3796 creent
489 3735 528 3796 de
551 3735 736 3796 heatitudine
756 3735 843 3815 regni
865 3735 1023 3806 Massieni,
1055 3744 1165 3796 eventn

67 3841 340 3924 comprobarentur
365 3861 456 3902 senaa
485 3841 577 3922 longe
607 3839 816 3912 eminentiori,
857 3861 946 3922 quam
975 3839 1071 3898 atah
1097 3839 1163 3899 allo
1241 3873 1244 3878 ,

7 3961 8 3964 ’
68 3945 189 4006 homine
206 3967 336 4028 unquam
351 3945 449 4007 animo
473 3952 652 4027 conceptum
672 3945 778 4010 inisset
801 3947 834 4022 (l
857 3945 932 4006 Cor.
949 3945 984 4014 2,
1003 3945 1052 4016 o).
1101 3943 1165 4002 Per

7 4061 8 4064 ’
65 4051 284 4118 revelationem
310 4050 392 4116 illam
421 4052 554 4134 pristine
576 4051 667 4114 Pauli
691 4048 848 4131 opiniones
872 4051 1092 4130 praeconceptae
1113 4065 1164 4106 ve-
