2864 4712
311 257 374 346 44

250 479 443 542 christianam
472 479 590 538 ratione
615 474 770 558 paubatim
802 472 949 535 adduetos
982 491 1069 543 esse,
1107 468 1191 531 adeo
1223 477 1264 530 ut
1291 489 1371 552 quta

250 586 360 667 sepius
382 584 533 664 disputata
555 589 626 642 suut
655 582 693 641 de
713 581 852 641 dissensu
875 578 1006 662 quodam
1026 575 1160 638 Paulum
1191 579 1284 636 inter
1306 595 1371 638 ete·

249 685 491 772 terosque'desu
512 687 630 769 legatos
659 687 761 769 speeie
788 692 904 746 tantum
925 692 1051 744 externa
1074 704 1183 743 rerum
1207 679 1370 762 apostoli-

249 817 353 857 earum
371 794 533 853 nitentum·
560 793 702 855 Attamen
720 813 777 874 pro
796 791 915 851 diversa
935 791 1068 850 muueris
1085 788 1210 849 ratione
1237 787 1371 847 diuersa

248 899 446 980 ingredienda
479 905 544 958 erat
581 897 711 959 docendi
745 897 912 979 agendique
928 897 992 978 »via
1030 893 1131 956 Paulo
1168 893 1370 974 eaeterisque

249 1003 422 1086 Apostolis,
446 1003 479 1063 id
501 1003 584 1085 quod
606 1002 666 1086 ὅθ
689 1003 917 1063 illustravimus.
970 1001 1054 1061 lline
1080 1019 1212 1082 quoque
1248 999 1371 1058 factum

248 1117 310 1183 est,
330 1117 366 1168 ut
387 1129 449 1169 nou
467 1109 572 1168 eadem
596 1117 755 1169 uterentur
777 1115 861 1168 sorte
881 1109 962 1168 iuter
981 1106 1121 1167 Judaeos.
1187 1103 1244 1168 lta
1269 1105 1368 1164 Jaco-

247 1216 306 1278 bua
325 1235 384 1297 per
412 1215 534 1295 longam
561 1235 707 1274 annorum
735 1215 843 1274 seriem
866 1213 954 1273 eretui
975 1211 1140 1272 christiano
1167 1209 1369 1290 Hierosoly·

246 1323 360 1382 milano
381 1319 523 1401 prefuit,
556 1319 677 1380 Judaeis
699 1321 814 1400 pariter
834 1341 869 1379 ae
888 1317 1067 1379 Christianis
1091 1335 1210 1397 magno
1240 1315 1367 1375 honore

246 1425 382 1496 habitus,
406 1445 498 1505 quum
519 1424 647 1496 Paulus,
670 1423 723 1482 ubi
749 1424 875 1504 patriam
898 1431 1010 1484 terram
1032 1423 1085 1483 vin
1108 1423 1281 1502 attigerat,
1309 1421 1368 1480 eri-

126 1567 130 1577 ι
167 1577 173 1588 ,
245 1528 461 1592 minationibus
480 1527 609 1608 indiguis
631 1551 649 1588 a
668 1528 787 1591 «ludaeis
808 1536 928 1589 notatus
946 1549 1003 1610 per
1024 1527 1274 1610 quadriennium
1297 1547 1367 1608 gra-

246 1633 377 1697 vissimis
399 1633 683 1714 persequutionibus
709 1641 881 1694 vexaretur.

336 1737 478 1800 Historia
499 1737 587 1798 Pauli
611 1739 701 1800 etiam
725 1761 760 1799 ea
782 1741 820 1800 de
842 1760 930 1800 eausa
952 1739 1074 1800 maximi
1104 1739 1266 1799 momenti
1302 1747 1363 1810 est,

199 1869 204 1882 ·
246 1844 331 1929 quod
352 1863 391 1904 ex
413 1863 450 1902 ea
472 1843 538 1903 sola
562 1865 745 1926 eoqnoseere
764 1845 856 1918 lieet,
898 1845 971 1927 quid
992 1845 1098 1906 «ludaei
1122 1843 1201 1925 post
1225 1854 1367 1906 mortem
1430 1890 1431 1899 ι

244 1951 393 2032 Agrippae
414 1947 495 2028 regis
524 1957 628 2008 eontra
651 1951 841 2012 christianam
861 1951 1039 2032 religionem
1059 1948 1263 2012 molirentur.
1309 1952 1364 2011 Ab

245 2055 307 2116 hoe
331 2053 411 2112 enim
439 2058 577 2136 tempore
599 2063 687 2115 autor
714 2057 799 2128 libri,
833 2056 885 2137 qui
906 2054 1082 2114 inscribitur
1096 2053 1172 2116 Aet.
1194 2056 1307 2139 App„
1332 2059 1364 2117 in

243 2165 338 2233 rebus
362 2165 453 2228 Pauli
481 2161 635 2224 tradendis
659 2161 746 2220 uniee
770 2167 932 2241 occupatus
944 2204 954 2233 ,
990 2159 1106 2220 nullam
1124 2164 1260 2224 omnino
1289 2185 1362 2225 eon-

242 2273 463 2338 troversiarum
493 2268 622 2330 Judaeos
652 2267 733 2326 iuter
754 2265 784 2327 ὥ
807 2265 994 2326 Christianos
1015 2265 1120 2346 iujeeit
1146 2271 1362 2344 mentionem,

243 2382 303 2442 nisi
331 2379 379 2458 ad=
400 2378 462 2436 fata
484 2373 574 2434 Pauli
602 2371 801 2451 pertinerent.
855 2371 984 2434 Judaeo·
1013 2391 1086 2432 vero
1108 2371 1361 2436 Palaestinenses

242 2487 335 2547 etiam
358 2485 431 2563 post
453 2484 582 2536 mortem
600 2474 746 2555 Agrippoe
775 2474 856 2533 baud
879 2475 1031 2551 defuisse,
1068 2479 1239 2559 quominus
1269 2482 1362 2542 Chri-

241 2594 372 2660 stianos,
404 2582 458 2642 ubi
478 2582 565 2661 eopia
585 2581 664 2639 taeta
686 2580 738 2651 sit,
765 2587 922 2653 vexarent,
956 2586 1018 2642 non
1042 2591 1102 2655 est,
1137 2583 1178 2642 de
1206 2607 1277 2667 quo
1305 2589 1360 2648 du·

152 2723 154 2726 ·
240 2699 374 2758 bitemus
399 2687 469 2766 (eir.
493 2688 512 2747 1
534 2685 647 2746 Thess.
671 2685 706 2756 2,
728 2685 858 2764 1416»
880 2687 936 2746 sed
955 2707 1024 2768 quse
1046 2689 1206 2770 pertinent
1232 2694 1277 2752 ad
1304 2695 1360 2755 has

237 2798 420 2864 rexationes
440 2791 606 2852 aeeuratius
627 2790 863 2870 eognoscendus,
887 2792 926 2850 ad
951 2791 1155 2872 objectiones,
1186 2819 1272 2879 quas
1297 2804 1359 2862 δη.

236 2907 295 2968 dei
320 2896 500 2972 durioribus
524 2895 671 2977 evangelii
693 2895 898 2976 opponebant,
926 2899 1176 2977 perspiciendas,
1207 2905 1249 2962 ad
1274 2906 1355 2966 insi-

235 3015 316 3084 dias,
342 3027 420 3091 quas
442 3002 608 3062 cultoribus
626 3000 741 3062 Christi
764 3001 931 3073 struebant,
958 3002 1200 3085 investigandas,
1225 3013 1360 3073 nonnisi

233 3116 365 3183 historia
387 3107 479 3172 Pauli
495 3108 526 3166 in
541 3107 685 3167 auxilium
699 3113 805 3166 uocata
824 3106 1012 3186 eonjieiendo
1029 3113 1153 3194 assequi
1168 3105 1357 3195 possumus.

327 3219 513 3294 Quanquam
535 3213 669 3284 Paulus,
708 3213 938 3271 assentientibus
965 3215 1093 3298 reliquis
1114 3219 1198 3278 Jesu
1224 3221 1356 3305 legatis,

233 3320 443 3409 apostolieum
463 3337 569 3375 munus
591 3317 779 3396 potissimum
793 3317 873 3394 inter
890 3319 1021 3398 perutiles
1039 3320 1224 3386 obeundum
1248 3351 1357 3392 susee-

233 3434 326 3513 pmt
347 3421 384 3502 (5
405 3422 455 3496 3),
477 3417 537 3476 hoe
558 3425 658 3478 tamen
677 3441 738 3480 uon
759 3429 824 3482 erat
846 3422 1076 3501 impedimento,
1100 3433 1275 3508 quominus
1298 3438 1358 3498 δη.

234 3537 319 3608 daeoq
345 3542 471 3609 quoque
495 3520 637 3581 doetrinae
660 3525 838 3604 evangeliea
861 3522 1023 3590 conciliare
1047 3533 1202 3598 studeret.
1253 3541 1357 3606 Immo

232 3657 325 3705 vero,
347 3646 418 3714 quae
441 3631 506 3682 erat
526 3626 729 3708 magni‘hujus
749 3631 807 3690 viri
822 3631 995 3712 prudentia,
1017 3637 1050 3697 in
1070 3639 1241 3704 itineribus
1263 3669 1358 3710 evan-

232 3739 308 3822 qelii
330 3727 523 3814 propagandi
552 3749 641 3790 eausa
664 3735 829 3816 susceptis,
864 3737 1049 3823 ubicumque
1072 3743 1221 3809 loeoruna
1247 3743 1357 3816 Jaidaei

232 3840 451 3906 versabantur,
472 3831 528 3892 hos
549 3834 633 3912 prius
654 3837 727 3896 adiit
743 3839 982 3924 doctrinamque·
999 3850 1211 3930 evangelicam
1236 3857 1278 3918 iis
1303 3883 1356 3920 an.

190 3983 195 3988 -
231 3958 281 4010 tea
306 3937 455 4022 exposuit
477 3957 564 4018 quam
585 3940 623 3999 ad
645 3943 772 4020 gentiles
797 3964 829 4003 se
852 3950 1014 4012 convertit.
1060 3953 1154 4038 liene
1179 3963 1356 4039 rationem,

231 4073 323 4137 quam
348 4041 466 4108 Paulus
499 4047 637 4135 tauquam
665 4047 797 4130 regulam
826 4049 885 4110 sibi
907 4057 1070 4137 proposuit
1094 4059 1183 4140 (act.
1214 4067 1275 4142 17,
1303 4073 1355 4152 2),
