2864 4712
333 275 391 366 52

268 505 345 568 ‚dccc
370 497 502 560 vellent.
556 488 809 574 Distinguendum
836 491 930 572 igitur
961 496 1009 553 est
1036 492 1194 554 intereas
1223 494 1372 569 rationes,

181 643 185 650 -
271 609 382 694 quibus
404 600 507 692 duduci
535 599 567 658 in
589 597 687 658 Paulo
710 599 924 680 persequendo
945 619 1018 660 vere
1042 598 1246 672 ducebantur,
1282 609 1372 684 atque

268 737 337 789 aas,
371 735 447 804 qma
466 705 589 796 publice
613 723 714 764 coram
737 703 900 783 gentilibus
921 704 1161 784 profitebantur,
1196 711 1233 763 ut
1255 707 1372 766 animos

270 821 382 882 horum
410 813 647 880 exacerbareut3
681 807 868 889 posteriores
883 809 963 868 euim
979 808 1061 868 haud
1074 829 1145 870 raro
1168 811 1249 870 lictae
1273 819 1371 874 eraut.

272 927 350 1003 Qum
371 939 465 1007 ‹puum
485 919 530 980 ita
551 916 624 987 sint,
649 934 700 973 eas
723 912 1002 1010 sequentidemum
1023 913 1213 995 paragrapho
1238 915 1371 980 illustra·

270 1032 392 1102 bimus,
429 1027 486 1088 bac
518 1021 584 1082 sula
612 1018 824 1080 observatione
847 1017 968 1090 addita,
1002 1020 1185 1099 praecipuam
1206 1023 1370 1098 rationem,

246 1129 361 1219 'quam
378 1115 483 1194 «ludaei
504 1109 576 1189 odio
598 1145 654 1186 suo
676 1143 777 1186 eoram
799 1123 962 1204 gentilibus
984 1130 1208 1205 praetexerent,
1239 1127 1369 1190 Paulum

233 1261 236 1270 ·
269 1243 410 1304 nimirum
434 1257 501 1297 esse
524 1219 677 1294 bominem
699 1250 845 1291 novarum
867 1250 970 1290 rerum
989 1229 1178 1304 studiosum,
1201 1233 1257 1314 qui
1282 1235 1370 1295 alium

271 1369 361 1429 quam
383 1345 534 1404 Gaesarem
561 1336 763 1419 proclamaret
785 1355 889 1415 regem
912 1316 995 1416 (Act.
1021 1337 1075 1407 17,
1098 1337 1131 1399 7.
1154 1338 1211 1410 24,
1234 1339 1286 1417 5),
1310 1348 1370 1400 tan-

230 1472 234 1482 ’
270 1460 335 1512 tum
357 1471 374 1509 a
392 1467 467 1509 vero
486 1445 607 1515 abesae,
627 1448 662 1501 ιιι
681 1460 698 1500 c
720 1440 872 1500 saumario
892 1439 995 1500 «ludaei
1012 1441 1142 1502 Paulum
1158 1441 1190 1503 ab
1209 1443 1370 1518 Messian,

271 1577 362 1640 quem
383 1553 435 1614 laic
455 1549 611 1632 apostolus
634 1545 825 1628 praedicavit,
849 1552 1014 1626 propterea
1034 1547 1254 1627 repudiarent,
1285 1552 1370 1633 quod

269 1662 349 1725 votis
372 1661 508 1741 ipsorum
532 1655 570 1714 de
593 1650 731 1712 terrestri
760 1670 833 1730 rege
854 1649 936 1712 baud
958 1650 1186 1713 satisfecissent.

359 1766 406 1827 Ea
428 1762 560 1844 denique
581 1756 762 1829 criminatio,
793 1754 879 1836 eujus
899 1775 988 1816 causa
1003 1755 1118 1816 Paulus
1142 1757 1368 1843 Hierosolymis

267 1873 300 1932 in
323 1868 444 1931 vincula
472 1865 628 1946 conjectus
662 1869 728 1934 est,
769 1847 881 1942 perse
904 1861 1027 1942 quidem
1049 1863 1125 1924 salsa
1145 1873 1235 1938 crat,
1264 1887 1368 1928 venam

221 2053 226 2066 ἱ
267 1975 371 2036 multis
391 1973 516 2068 Judaeis·
535 1990 572 2030 eo
595 1967 712 2028 facilius
734 1967 863 2048 probata
884 1973 952 2039 est,
981 1989 1042 2049 quo
1065 1968 1197 2050 iniquius
1211 1972 1262 2049 ‘de
1284 1973 1367 2055 Apo·

268 2080 350 2142 stolo
374 2084 506 2139 statuere
528 2077 735 2134 assueverant.
792 2071 960 2132 Accusatus
982 2073 1062 2133 enim
1085 2082 1145 2147 est,
1177 2079 1264 2157 quod
1284 2099 1367 2140 saera

264 2186 387 2268 judaica
409 2184 598 2265 profanasset
613 2175 777 2260 gentilibus
792 2176 823 2256 in
846 2179 993 2258 templum
1014 2180 1193 2240 inducendis
1214 2183 1289 2244 Act.
1313 2185 1367 2258 21,

265 2294 319 2354 28.
340 2292 396 2364 24,
408 2292 441 2352 o.
483 2284 604 2354 Ἦσαν
623 2277 687 2372 γάρ
700 2317 742 2331 -
755 2283 797 2343 eit
814 2283 912 2344 Lucas
924 2283 995 2346 Aet.
1008 2287 1063 2358 21,
1085 2287 1177 2348 29-
1189 2279 1366 2372 προεώρα.

265 2385 363 2467 adase
399 2386 578 2478 Τρόφιμον
609 2383 670 2454 ede
699 2380 859 2472 Ἐφέσιον
886 2392 924 2454 ἐν
954 2390 997 2478 τῇ
1027 2383 1126 2455 πόλει
1159 2384 1227 2459 οὐν
1261 2387 1363 2483 αὐτῷ,

265 2495 309 2570 ὅν
331 2490 488 2582 ἕνόμιζον
511 2490 565 2560 ὅτι
590 2497 639 2568 εἰς
661 2485 700 2558 cd
724 2482 1018 2580 ιιρόν.εἰςῆγαγεν
1040 2488 1230 2570 ὁΠαὺλος.

356 2604 495 2665 Tandem
517 2622 609 2682 quum
623 2599 711 2659 ‘baud
733 2599 911 2680 contigisset
927 2601 1045 2662 «ludaeis
1066 2601 1198 2662 Paulum
1219 2605 1284 2666 vita
1304 2606 1363 2686 pri-

264 2730 336 2772 vare
360 2705 616 2768 criminationibus
639 2703 722 2764 salsis
744 2706 776 2766 in
795 2727 866 2766 eum
888 2707 1097 2796 conficiendis,
1131 2709 1258 2770 iusidias
1281 2711 1362 2771 elau-

264 2815 398 2882 destiuas
419 2812 488 2873 vites
513 2809 578 2892 ejus
598 2809 756 2870 struebant
776 2811 862 2890 (det.
884 2814 936 2880 23,
961 2815 1002 2874 12
1020 2833 1089 2896 sqq.
1113 2814 1171 2888 25,
1193 2817 1229 2896 4)
1253 2817 1373 2898 quibus·

262 2923 353 2984 etiam
374 2918 485 2982 elarius
503 2917 656 3000 perditem
677 2936 797 2978 eausam
816 2932 908 2980 suana·
923 2918 1107 3000 prodebant.

246 3291 256 3303 .
350 3236 466 3296 Verum
495 3236 529 3295 ut
554 3233 638 3315 justa
664 3234 703 3294 de
733 3203 912 3295 aduersariis
941 3235 1030 3295 Pauli
1062 3235 1178 3296 lerator
1201 3236 1358 3306 sententia,

263 3359 339 3421 opus
363 3360 484 3420 quoque
510 3347 569 3411 est,
591 3347 626 3398 ιιι
648 3339 845 3400 iurationem
863 3339 1060 3420 inquiramus,
1082 3363 1142 3422 qua
1159 3341 1279 3402 Paulus
1298 3343 1359 3422 ipse

261 3465 329 3505 cum
351 3445 388 3504 iis
411 3443 519 3522 egerit.
573 3443 666 3502 Haud
684 3465 754 3502 raro
776 3443 856 3502 enim
876 3437 970 3505 bomo
991 3445 1103 3526 pietate
1126 3447 1157 3508 dc
1173 3447 1268 3506 animi
1282 3468 1360 3526 mag-

258 3549 395 3610 nitudine
420 3547 606 3627 conspicuus·
624 3555 788 3628 propterea
816 3549 919 3608 odium
942 3551 1102 3632 aequalium
1124 3553 1185 3612 sibi
1206 3552 1356 3623 conflavit,

187 3715 191 3720 ,
260 3655 343 3736 qaod
367 3653 399 3713 in
432 3651 564 3710 eonsiliis
595 3653 729 3734 quamvis
758 3653 894 3714 honestis
921 3655 951 3716 cte
968 3657 1164 3721 salutaribus
1198 3658 1359 3743 sequendis

237 3759 392 3852 ingenia,
414 3777 528 3830 mores,
551 3757 708 3837 opiniones
732 3779 857 3831 eorum,
893 3762 1001 3843 cluibus
1026 3763 1126 3824 studia
1150 3786 1206 3825 sua
1229 3767 1359 3846 probare

256 3864 368 3936 voluit,
387 3883 448 3922 non
469 3862 540 3922 satis
559 3863 752 3942 respiciebat.
775 3947 778 3951 .
802 3865 959 3925 Interdum
975 3865 1112 3927 homines
1135 3871 1238 3950 magui
1259 3870 1359 3937 animi,

256 3967 308 4048 qui
331 3967 407 4048 alios
431 3967 470 4026 ud
490 3968 603 4050 optima
627 3989 754 4050 quaeque
780 3970 892 4030 ducere
915 3973 1088 4044 studebant,
1118 3973 1196 4032 nihil
1220 3973 1360 4054 prolicie-

155 4147 158 4153 ,
253 4075 338 4147 bant,
363 4072 445 4156 qued
467 4082 502 4135 ea
524 4074 702 4147 constantia,
727 4095 762 4136 ea
779 4070 1021 4151 mansuetudine,
1044 4077 1080 4138 iis
1104 4077 1242 4160 denique
1266 4079 1357 4142 virtu·
