2862 4708
1038 239 1120 326 108

80 462 130 522 ab
147 459 429 536 idololatriataeile
448 455 623 543 judicabant
644 467 733 545 atque
754 460 890 524 sinistras
914 459 952 522 de
973 461 1107 524 moribus
1128 483 1180 524 eo·

55 577 157 627 'rum
178 559 342 628 sententias
365 565 512 628 terebant.
555 568 644 628 llano
667 569 916 632 obtrectationem
937 568 1044 630 evitari
1065 567 1181 630 Paulus

71 672 188 753 jubet,
207 695 300 754 quum
312 673 431 747 inutile,
452 675 542 734 immo
553 674 807 735 noxiumumuino
823 674 876 746 sit,
892 681 1008 737 temere
1023 674 1055 736 in
1076 695 1180 755 repre-

77 779 266 838 hensionem
288 779 416 841 aliorum
440 780 606 842 incurrere.
654 779 768 853 Donet,
789 780 902 844 rectius
924 780 985 860 api,
1009 779 1124 862 siquis
1142 781 1181 840 ab

60 885 145 945 vhuo
168 907 203 946 re
235 886 369 969 quamvis
395 884 477 946 licita
507 895 551 946 se‘
569 885 722 946 contineat
746 905 863 968 usuque
884 884 1033 950 libertatis
1062 907 1124 946 suaa
1145 907 1179 948 ss

75 991 188 1072 potins
205 989 342 1064 abdicet,
366 1011 455 1072 quam
478 997 513 1050 ut
534 1013 636 1054 ausum
658 992 795 1074 praebeat
816 991 972 1054 calumniis
996 991 1178 1054 obtrectato-

76 1097 124 1158 ris
150 1101 184 1182 (1
209 1098 284 1160 Gor.
310 1100 363 1170 lll,
386 1098 441 1159 29.
464 1097 535 1174 to).

175 1205 285 1286 Neque
305 1204 365 1264 boe
386 1225 404 1262 a
425 1201 524 1264 Paulo
544 1200 665 1262 silentio
689 1200 949 1282 pretermittitur,-
984 1201 1068 1286 quod
1087 1222 1181 1284 prop·

76 1316 132 1370 ter
154 1310 379 1392 imprudentem
409 1308 493 1370 illam
521 1308 735 1370 nonnullorum
759 1307 998 1392 §bristinnorum
1030 1309 1181 1370 temerita-

77 1422 147 1476 tem
170 1417 300 1476 sinistris
323 1415 549 1476 iueredulorum
569 1414 693 1500 judieiis
720 1414 904 1496 objiceretur
932 1437 989 1476 res*
1006 1415 1178 1488 christiana.

76 1521 164 1602 Ipsis
185 1523 265 1582 enim
285 1523 409 1602 paganis
436 1522 589 1584 numinum
615 1521 716 1582 cultus
741 1520 798 1584 bae
826 1523 943 1582 ratione
962 1544 982 1582 a
1001 1521 1180 1584 Christianis

82 1626 215 1705 probari
242 1627 401 1686 videbatur
427 1647 594 1708 errorque,
636 1646 697 1706 quo
730 1633 815 1686 erant
835 1627 962 1699 imbuti,
997 1629 1178 1690 eunlirmari.

82 1731 195 1792 Judaei
215 1750 291 1790 vero
312 1751 416 1790 ausam
432 1731 502 1790 hine
520 1730 704 1810 arripiebant
718 1750 826 1808 nomeu
842 1731 1045 1792 Christianum
1061 1733 1180 1794 obtree·

79 1837 171 1898 tandi
194 1835 225 1898 rb
247 1835 337 1896 etiam
357 1835 450 1916 magis
472 1837 511 1896 ab
535 1857 572 1896 eo
600 1834 900 1914 abalienabanurrl).
971 1836 1073 1912 Quare
1098 1837 1181 1918 Apo·
1233 1919 1239 1930 Ι

81 1942 184 2002 stolus
208 1944 226 2004 l
251 1941 327 2020 Gor.
349 1944 402 2014 lo,
424 1943 467 2006 32
485 1943 529 2004 ita
548 1948 669 2004 munet:
706 1931 938 2026 Ἀπρόςκοποι
959 1939 1101 2028 γίνεσθε
1125 1943 1182 2010 καὶ

82 2041 248 2120 ’Istinium
273 2045 330 2113 soi
353 2039 493 2132 Ἐλλησὶ
524 2047 580 2114 καὶ
609 2045 653 2136 τῇ
682 2047 838 2132 insinuaut
862 2045 902 2114 11
923 2046 1000 2114 dai.
1059 2049 1182 2111 Summa
1305 2059 1308 2066 ’

81 2155 177 2235 igitur
200 2152 411 2235 disputationis
434 2154 524 2216 Pauli
549 2153 710 2226 11111111,
739 2160 774 2214 ut
794 2152 885 2212 stiam
907 2153 989 2234 quod
1012 2174 1123 2234 perse
1144 2155 1181 2214 11·

84 2265 154 2318 oeat
174 2257 342 2338 libeatque,
367 2268 475 2340 sponte
501 2258 532 2322 de
555 2259 638 2320 ultro
660 2257 891 2340 relinquendum
915 2259 967 2332 sit,
992 2259 1019 2320 si
1039 2259 1106 2322 aliis
1128 2260 1180 2320 de·

84 2365 260 2428 trimeutum
280 2365 384 2428 afferat
404 2365 436 2448 (l
458 2365 533 2430 Gor.
556 2368 591 2439 8,
614 2366 665 2428 1³.
690 2365 747 2424 eir.
769 2365 862 2427 llom.
889 2365 1031 2446 1111).

185 2471 221 2530 lu
244 2470 413 2531 1111Ρ1ι111
436 2471 638 2556 disputatione
664 2470 704 2530 de
722 2468 807 2551 justo
836 2469 985 2532 libertatis
1008 2472 1179 2537 ebriatiauae

87 2595 147 2634 usu
167 2575 327 2638 observatu
348 2597 469 2660 quoque
490 2578 696 2660 dignissimum
717 2584 776 2650 est,
796 2577 879 2659 quod
901 2599 1052 2660 nunquam
1072 2580 1112 2640 ad
1131 2581 1178 2642 ul·

86 2679 148 2742 lam
169 2683 359 2744 autoritatem
386 2690 542 2746 externam
569 2692 710 2767 tauquam
731 2684 902 2764 presidium
926 2685 1177 2747 sententiaruma
1244 2673 1246 2682 Α

86 2808 120 2848 11
144 2789 365 2869 propositarum
392 2791 590 2870 praesensit,
628 2790 763 2872 quamvis
792 2790 855 2852 bno
871 2791 1061 2870 potissimum
1090 2811 1177 2852 orea-

84 2893 182 2966 sioue,
217 2894 268 2954 ubi
289 2893 328 2956 ds
346 2895 522 2978 idolothytis
541 2898 704 2977 agebatur,
728 2895 885 2954 decretum
906 2893 1005 2966 illud,
1037 2895 1178 2974 11111111)

86 2995 242 3081 Apostolis
264 3001 297 3060 iu
320 3009 470 3062 conventu
489 3001 767 3082 Hierosulpmitnno
788 3003 926 3076 rogatum
949 3003 1033 3067 erat,
1066 3004 1178 3075 presto

87 3105 116 3164 ei
141 3127 205 3166 esse
228 3112 345 3187 posset.
371 3171 375 3178 ,
394 3104 509 3166 Verum
532 3113 566 3166 ut
586 3106 618 3165 in
636 3103 811 3164 refellendis
827 3102 877 3174 iis,
900 3101 953 3183 qui
974 3107 1078 3160 contra
1101 3098 1179 3161 illud

87 3210 242 3274 decretum
270 3209 645 3292 disciplinamlllosaieam
668 3205 991 3270 Robrica-christanis
1013 3206 1177 3268 obtrudere
1268 3287 1275 3296 ἱ

44 3357 47 3362 -
85 3315 241 3390 volebant,
262 3339 324 3392 nou¹
344 3318 384 3378 ad
405 3317 608 3394 autoritatem,
640 3335 679 3374 ne
700 3313 918 3395 Apostolorum
939 3311 1073 3396 quidem,
1104 3336 1175 3397 pro·
1248 3351 1256 3370 ·
1336 3355 1343 3362 -

86 3423 204 3484 vocavit
226 3421 261 3504 (ξ
283 3425 333 3503 9),
354 3423 396 3486 111
418 3423 450 3482 iu
479 3423 516 3482 iis
545 3442 666 3504 quoque
689 3419 896 3490 confutandis,
930 3417 982 3500 qui
1002 3419 1035 3480 in
1057 3429 1176 3484 eontra-
1266 3451 1270 3461 Δ

85 3529 162 3592 rium
183 3529 372 3593 ducebantur
394 3550 542 3604 errorem,
566 3529 650 3624 adeo
667 3535 702 3590 ut
714 3525 815 3608 justos
836 3525 984 3588 libertatis
1008 3524 1175 3590 christianas

90 3650 318 3668 m

101 3707 133 3768 1)
152 3707 217 3757 1111
236 3704 322 3757 etiam
346 3704 501 3776 posteriori,
522 3709 651 3772 tempore
670 3702 779 3754 laetum
801 3717 877 3765 1111,
902 3699 984 3753 docet
1000 3698 1104 3752 Justtn.
1123 3698 1174 3758 M,

154 3796 229 3849 Diui.
247 3813 307 3848 oum
330 3793 433 3865 Trypd.
456 3817 484 3867 p.
506 3795 559 3848 25³
585 3796 627 3846 ed.
648 3794 716 3856 Cot,
743 3793 793 3846 ubi
813 3793 969 3864 Tryphunt
1001 3797 1046 3846 nul
1069 3785 1124 3861 μήν
1141 3817 1175 3829 -

156 3887 249 3941 111-
266 3882 363 3942 stollis
387 3881 439 3942 1111
463 3885 509 3944 riv
529 3883 622 3956 Ἰησέν
646 3882 775 3956 λεγόντων
797 3879 938 3954 ὁμολογεῖν
960 3889 1003 3936 sat
1029 3880 1174 3948 λεγομένων

155 3973 305 4050 χριςιανῶν,
320 3976 491 4050 πυνθάνομαι
506 3981 606 4036 ἐσθίειν
620 3973 655 4034 roi
670 3973 834 4032 εἰδωλόθυτα
853 3981 897 4028 sut
909 3970 990 4043 μηδὲν
1000 3967 1173 4042 βλάπτεσθαι

154 4071 248 4144 λέγειν.
