2862 4708
258 293 262 300 “
310 269 391 354 lto

242 497 407 553 seotstoros
429 489 506 552 tem
536 507 619 550 vsnae
639 487 762 571 quidem
782 489 821 549 de'
842 509 973 572 persons
990 487 1112 584 Messias
1133 482 1272 572 opinioni
1293 493 1339 554 in·

242 597 388 680 dulgere,
422 596 478 656 sed
498 595 657 656 cosmum
679 595 807 656 vinculis
827 595 1002 656 thcoorstiae
1021 594 1151 686 judaice
1173 598 1235 658 sihi
1249 598 1339 679 junc-

242 713 292 766 tos
313 723 392 764 esee.
451 701 515 778 Qui
545 701 637 782 igitur
659 722 676 762 e
701 700 879 761 Judaeorum
903 722 1029 761 numero
1051 723 1161 762 nomen
1184 704 1266 763 Jcsu
1289 705 1337 765 ds·

243 811 329 882 luent,
350 807 431 868 lssud
452 827 525 868 sero
545 807 749 868 obscrsuu'oni
771 807 996 889 praeeeptorum
1018 807 1095 889 legis
1119 809 1268 870 Mosuicae
1291 833 1336 871 re-

243 907 442 986 nuncislssnt,
475 914 512 974 iis
531 935 591 974 nou
612 913 730 996 grunius
753 913 831 972 illud
852 913 1045 974 metuendum
1066 922 1133 973 erut
1152 916 1335 978 Judaeorum

244 1023 359 1094 odium,
384 1021 434 1081 cui
456 1019 581 1080 obnoxii
604 1027 702 1091 eruut,
725 1025 887 1100 quotquot,
908 1025 1059 1100 potestate
1080 1023 1234 1102 evangelii
1252 1023 1335 1084 Chri·

244 1129 284 1190 sti
306 1127 473 1188 accuratius
495 1133 679 1207 perspectu,x
699 1125 798 1206 legem
820 1125 985 1186 Mosuicsm
1006 1126 1192 1207 uotiquetsm
1213 1129 1334 1211 ulsrogu·

243 1245 364 1317 tumque
389 1255 455 1294 esse
477 1231 670 1292 doolerubsnt
691 1231 762 1315 (cfr.
783 1231 854 1292 Gal.
878 1233 913 1304 θ,
937 1233 988 1298 12,
1004 1231 1037 1303 5,
1057 1230 1124 1314 11).
1174 1233 1327 1297 Hosem'm

243 1341 344 1404 Judci
367 1347 450 1401 tento
480 1337 740 1418 persequebantur
763 1337 855 1410 odio,
889 1343 924 1397 ut
943 1336 1032 1396 etism
1059 1339 1220 1418 gentilium
1241 1342 1330 1423 suspi-

168 1475 172 1482 ·
243 1447 361 1508 cionem
382 1443 665 1523 &indignationem
689 1451 794 1503 contro
819 1463 872 1503 eos
891 1463 1057 1524 provocare
1079 1444 1250 1517 studerent,
1282 1447 1330 1506 de·

243 1553 404 1624 clsnntes,
426 1571 533 1610 novum
554 1549 631 1610 lrunc
653 1549 892 1610 Christianorum
913 1556 1038 1622 sectnm,
1061 1570 1127 1632 quse
1150 1553 1271 1613 missum
1290 1555 1329 1614 is·

243 1665 328 1720 ceret
342 1655 531 1737 disciplinam
545 1655 722 1728 Massicum,
746 1675 906 1736 perperam
926 1655 979 1715 ille
998 1655 1055 1716 siti
1079 1657 1235 1720 vindicare
1254 1659 1332 1742 jure,

244 1785 311 1850 qun
338 1764 423 1845 leges
446 1763 590 1827 Romanu
612 1761 788 1850 ‘cultoribus
819 1761 1014 1842 religionibus
1039 1763 1183 1824 lllosuicae
1213 1787 1333 1828 eonces-

244 1874 375 1943 sissent3
399 1853 593 1931 Gliristieuos
607 1869 687 1928 euim
708 1859 801 1952 nupsi
828 1859 890 1933 τόν
912 1857 1023 1952 νόμον
1045 1860 1259 1938 ἀναπείθειν
1280 1866 1335 1946 edo
1419 1903 1420 1922 t

244 1968 431 2064 ἅνθρώπυς
452 1973 615 2058 σέβεσθαι
633 1965 801 2040 sinesin
820 1972 904 2056 (Act.
928 1975 983 2046 18,
1005 1975 1047 2036 lo
1067 1975 1124 2035 cfr.
1148 1979 1205 2048 17,
1227 1980 1262 2040 7.
1285 1981 1333 2050 24,

243 2087 276 2150 li.
301 2082 357 2166 θ),
382 2101 434 2142 eos
463 2080 556 2161 igitur
584 2064 724 2159 indiguos
755 2099 821 2138 esse
854 2080 1043 2159 patrocinio,
1078 2102 1138 2163 quo
1169 2083 1335 2163 gauderent

244 2190 410 2274 discipline
432 2186 576 2250 Moseicae
608 2185 719 2246 uddicti
749 2185 781 2245 in
804 2185 931 2266 imperio
955 2186 1104 2249 llorneno.
1164 2189 1239 2250 tam
1264 2212 1334 2252 vero

245 2320 337 2381 quum
358 2295 448 2358 multi
473 2293 609 2356 homines
631 2293 768 2353 societati
788 2291 1027 2353 Christianorum
1058 2313 1091 2352 se
1123 2294 1335 2378 adjungerent,
1418 2361 1419 2370 ,

160 2399 168 2408 ’
245 2404 411 2466 rationibus
432 2397 536 2472 ducti‚'
576 2419 645 2481 quet
667 2420 729 2458 non
758 2420 878 2480 semper
900 2399 939 2458 ud
959 2398 1136 2480 religionem
1158 2404 1337 2484 spectabant

244 2509 315 2591 (cir.
336 2506 356 2588 §
377 2504 428 2585 6),
457 2503 537 2564 houd
568 2503 676 2563 mirum
706 2511 775 2578 est,
821 2505 968 2586 ejusmodi
998 2507 1168 2586 praesertim
1198 2508 1336 2569 homines

245 2634 311 2674 eum
334 2610 461 2691 elegisse
482 2609 640 2680 rationem,
676 2631 735 2690 qne
755 2611 844 2670 soluti
867 2611 1005 2671 terrestri
1033 2613 1146 2693 optime
1174 2616 1336 2675 consulere

245 2718 304 2779 sibi
322 2717 507 2778 viderentur.
561 2712 796 2775 circumcisione
817 2716 909 2797 igitur
929 2717 1039 2778 acriter
1063 2719 1254 2780 defendenda
1271 2721 1336 2780 riti·

243 2825 360 2907 busque
392 2820 521 2882 leviticis
546 2819 742 2880 observandis
771 2817 959 2883 Gentilibus·
976 2843 1009 2884 se
1042 2825 1167 2886 Judaeos
1204 2826 1333 2907 prolsure

1417 2515 1419 2646 l

183 2991 186 3000 ,
243 2932 411 3016 pergebant
422 2931 464 3008 ¹).
510 2926 594 3004 Quid
614 2926 711 2988 vero?
747 2949 848 2988 corum
870 2929 987 2991 Judaeis
1014 2951 1124 3012 uuoeps
1151 2930 1213 2992 lsoo
1240 2931 1335 2992 homi-
1418 2951 1419 2974 t

246 3091 477 3109 ω

261 3189 292 3254 1)
312 3189 371 3241 cfr.
393 3186 518 3238 Grotium
537 3185 571 3239 od
592 3185 657 3238 ont.
677 3167 704 3249 d,
722 3183 755 3238 δι
774 3185 849 3238 '’lsti
864 3185 929 3238 nooi
944 3188 1069 3242 doctores
1089 3188 1177 3241 muita
1190 3187 1265 3257 legio
1283 3205 1335 3240 non

314 3279 510 3342 observabunt,
537 3277 614 3342 infre
631 3267 721 3342 oto,
741 3278 868 3331 nimirum
886 3281 951 3348 quin
969 3281 1040 3334 illud
1060 3299 1142 3334 onum
1160 3281 1334 3349 epeotndont,

313 3375 346 3422 est
365 3370 482 3421 Romani
508 3369 583 3436 ipsos
598 3387 651 3437 pro
670 3369 776 3422 Jndoeie
793 3371 925 3424 laborent
949 3389 984 3425 oe
1006 3351 1047 3425 sio
1065 3375 1163 3426 liberos
1182 3391 1244 3426 esee
1262 3375 1334 3426 sine-

272 3482 274 3488 ·
305 3467 373 3514 ¹rent
393 3479 411 3512 u
433 3461 540 3528 legibus
564 3476 660 3514 nonos
675 3463 824 3531 religiones
849 3465 1013 3518 vetantibus.
1060 3465 1096 3518 ld
1115 3467 1184 3519 cuins
1204 3465 1335 3519 uidebant

314 3553 384 3606 entis
411 3552 526 3604 obtineri
554 3571 636 3620 posse
658 3571 709 3621 per
738 3557 997 3612 circumcisionen.”
1038 3559 1255 3613 Observandum
1282 3566 1333 3624 est,

311 3645 435 3699 Pontum
454 3661 564 3714 quoquo
590 3644 619 3697 id
639 3645 745 3715 egisse,
772 3650 976 3704 utohristiuou
1000 3650 1103 3722 religio
1127 3669 1182 3704 nou
1209 3657 1242 3705 ut
1260 3667 1334 3704 noso

312 3735 407 3806 ulique
424 3721 537 3806 religio,
556 3753 574 3790 u
585 3738 711 3792 Mosaios
729 3741 842 3794 omuino
854 3743 960 3805 olicus,
979 3743 1206 3798 consideruretur
1220 3743 1333 3814 (not),

311 3847 410 3888 rerum
430 3830 484 3882 hoo
505 3829 654 3896 discrimen
682 3831 756 3884 iuter
780 3834 920 3887 rationem
939 3835 1056 3888 docendi
1073 3835 1225 3890 Paulinum
1243 3834 1269 3889 ἃ
1286 3851 1335 3888 ru·

170 3919 174 3934 ”
199 3941 202 3945 ’
311 3923 416 3976 tionem
442 3922 580 3974 fdlsorum
599 3921 714 3976 illorum
729 3925 880 3979 doctorum
903 3927 1071 3994 intercessit,
1095 3928 1170 3996 quod
1186 3927 1239 3980 ille
1257 3926 1333 3980 elrri-

311 4014 435 4068 stiouuus
453 4013 620 4084 religionem
641 4023 775 4086 tunquam
793 4019 985 4096 ooconomiuru
1003 4022 1036 4074 V.
1048 4017 1083 4074 Τ.
1099 4026 1333 4073 comsummetum

311 4106 336 4160 δι
348 4107 596 4194 ndperleotioocm
611 4097 776 4179 [tendentum
788 4111 913 4179 tradidit,
932 4111 963 4168 hi
974 4129 1040 4168 vero
1057 4110 1235 4168 identitatem
1246 4127 1331 4166 essu·
