2862 4708
1017 267 1126 355 165-

70 489 212 564 bibebat,
243 492 401 574 quominus
435 486 589 572 grauiores
619 490 689 552 liter
723 489 780 550 eibi
809 489 1014 568 intenderent)
1043 491 1094 553 vel
1121 493 1157 556 iio

69 597 164 679 ipsis,
190 617 257 679 quc
277 595 429 680 dereptam
449 597 473 658 1.
494 596 518 657 l.
542 596 691 656 memoriae
711 573 857 678 prodidit,
886 595 1089 658 confirmatur.

165 703 236 763 Jom
252 724 325 764 vero
345 703 531 784 evangelium
548 701 661 762 Gbrieti
679 721 736 782 per
755 684 909 784 apostoloi
931 703 1068 763 omnibus
1084 723 1157 784 gen-

62 809 152 868 tibus
168 809 373 869 annuntiatum
390 815 447 869 eet.
477 808 565 870 Nova
579 807 644 867 baec
662 792 1067 881 comminutabuntur,
1089 809 1155 890 qui·

64 913 129 974 bus
149 935 182 974 oc
201 914 371 976 bominibus
384 915 539 996 probaret,
561 914 613 996 qni
625 913 657 972 in
671 912 859 974 subtiliorem
867 933 968 974 rerum
989 915 1155 977 divinarum

65 1021 341 1101 perscrutationem
355 1021 577 1106 incumbebant.
602 1019 751 1098 Dogmata
763 1017 918 1100 religionis
929 1019 1095 1082 cbrietianae
1115 1021 1154 1082 de

65 1127 149 1186 Jceu
173 1125 309 1199 Christo,
331 1127 394 1187 filio
418 1125 491 1198 Dei,
524 1124 738 1206 promistionee
764 1123 802 1184 dc
821 1123 908 1184 donis
933 1125 1047 1186 eximiis
1069 1127 1156 1209 opiri-

65 1238 119 1291 tus
143 1232 267 1306 Sancti,
305 1238 458 1314 praecepta
490 1251 596 1291 severa
628 1229 666 1289 de
688 1230 785 1290 animo
812 1229 1064 1313 acupiditatibua
1088 1253 1156 1294 een·

65 1359 158 1398 snum
175 1337 332 1420 purgando
356 1335 574 1420 liberandoque
594 1335 696 1396 multia
719 1357 787 1397 eum
802 1323 979 1398 Jndaeorum
995 1343 1060 1398 tum
1073 1339 1156 1400 Gen·

65 1443 189 1514 tilium,
224 1443 275 1526 qui
297 1443 530 1525 pbilosopbandi
555 1441 664 1502 rationi
686 1463 704 1501 a
727 1441 814 1540 nobie
834 1441 899 1523 jam
921 1443 1081 1526 descriptae
1103 1445 1156 1506 de·

68 1547 129 1607 diti
158 1555 262 1620 erant,
293 1549 381 1610 valde
409 1549 592 1610 arridebant.
650 1546 758 1629 Neque
791 1555 891 1609 tamen
921 1549 987 1630 ipsa
1010 1550 1064 1610 illa
1094 1552 1153 1625 vie,

70 1671 163 1731 qnam
189 1671 267 1710 nova
294 1652 400 1732 religio
429 1653 468 1712 ad
494 1653 625 1713 studium
662 1653 788 1714 sincerae
815 1653 936 1733 pietatis
975 1655 1153 1739 virtutisque

68 1755 262 1816 excitandum
281 1754 313 1828 dc
333 1749 472 1816 alendum
491 1757 634 1830 babebat,
654 1757 831 1838 principem*
842 1756 943 1816 locum
966 1766 1071 1820 tenere
1091 1763 1153 1824 illie

8 1869 9 1872 ’
66 1861 242 1940 bominibus
265 1862 436 1924 videbatur.
491 1862 621 1924 Maxime
653 1853 881 1922 delectabantur
900 1883 997 1938 nova,
1029 1887 1095 1950 qum
1118 1869 1154 1928 iia

65 1967 331 2049 suppeditabatur,
364 1969 516 2029 derebus
540 1967 648 2030 divinia
671 1968 843 2050 disputandi
865 1972 1002 2046 materie,
1038 1995 1155 2035 necnon

63 2095 137 2156 spe,
159 2075 238 2146 sore,
252 2068 293 2134 ¹ut
313 2096 392 2136 nova
417 2075 490 2156 ipris
517 2074 687 2156 aperiretur
706 2074 754 2150 via
774 2074 814 2135 ad
834 2078 1017 2138 consortium
1035 2087 1153 2140 natura·

62 2203 135 2242 rum
156 2181 346 2261 superiorum
363 2181 536 2242 ineundum.
585 2179 667 2240 Hinc
688 2201 808 2262 quoque
829 2183 1016 2256 factumest,
1039 2193 1072 2244 ut
1093 2185 1154 2244 sin-

62 2308 169 2348 ceram
190 2285 339 2366 evangelii
368 2286 533 2346 doctrinam
562 2285 681 2367 placitis
714 2286 776 2345 ouis
804 2289 1028 2350 accommodare
1051 2291 1153 2350 stude·

61 2399 137 2455 rent
166 2391 301 2472 adeoque
332 2391 416 2454 vania
445 2391 615 2452 fictionibnr
637 2399 875 2473 corrumperent.
932 2374 1034 2470 Quum
1063 2373 1155 2477 igitur

62 2497 232 2558 secundnm
251 2493 398 2558 rationem
418 2497 618 2579 philosophiae
634 2497 788 2558 orientalia
809 2498 947 2559 materies
969 2499 1152 2568 existimare·

63 2612 119 2664 tur
129 2605 195 2663 fons
208 2603 238 2665 de
250 2605 335 2684 origo
347 2603 479 2664 omnium
490 2604 650 2678 malorum,
662 2604 803 2664 doctores
818 2603 983 2679 christiani,
1003 2615 1153 2692 quotquot

66 2708 253 2790 evangelium
277 2709 323 2769 illi
341 2709 495 2790 sapientiae
511 2709 641 2792 jungere
663 2709 818 2784 volebant,
842 2711 1049 2773 abstinentiam
1070 2736 1088 2774 a
1109 2715 1151 2774 ci·

61 2813 113 2876 his
137 2815 316 2896 potibusque
338 2816 428 2876 certia
453 2838 557 2878 severe
579 2815 777 2898 imperabant,
801 2815 945 2897 pietatem
963 2817 994 2878 de
1009 2819 1152 2879 virtutem

60 2921 104 2981 ad
125 2921 229 2980 duram
252 2921 387 3000 corporis
400 2923 607 2982 tractationem
622 2921 762 3001 variaque
786 2921 930 2980 exercitia
951 2921 1079 2980 ascetica
1102 2942 1151 2980 re·

59 3025 233 3098 vocabant3
275 3025 441 3084 doctrinam
475 3031 575 3085 autem
613 3023 651 3082 de
681 3023 804 3082 Christo
815 3064 826 3094 ,
861 3029 966 3084 autore
991 3023 1096 3085 solutio
1119 3025 1152 3090 da

61 3131 134 3192 solo
157 3131 321 3192 mediatore
345 3131 445 3192 Deum
474 3129 553 3194 inter
577 3127 608 3190 d
630 3127 780 3199 homines,
810 3126 1009 3209 angelologiae
1033 3135 1064 3188 et
1086 3117 1150 3192 eui-

61 3240 111 3299 tui
134 3239 290 3318 geniorum
313 3237 502 3319 superiorum
522 3233 752 3316 poqtbabebant.
796 3231 873 3327 Herc
895 3253 969 3294 vero
990 3236 1089 3296 omnia
1109 3237 1149 3300 ob
1187 3271 1194 3294 l

63 3353 178 3406 arctam
209 3343 363 3424 religionis
395 3341 562 3403 christianae
584 3340 614 3402 ά
629 3339 757 3420 judaice
778 3339 1041 3415 necessitudinem,
1064 3363 1148 3406 acce·

63 3449 206 3511 dentibus
228 3449 324 3508 causis
343 3447 407 3529 jam
426 3446 683 3518 commemoratis,
712 3447 754 3506 ita
778 3445 928 3506 efformata
949 3455 1030 3520 sunt,
1053 3458 1087 3510 ut
1110 3453 1149 3512 ad

62 3553 289 3617 similitudinem
328 3554 472 3616 doctrinae
493 3551 524 3617 de
546 3553 711 3634 discipline
737 3549 867 3636 judaieae
895 3555 1032 3636 proxime
1063 3579 1147 3619 acee-

64 3663 185 3723 der-ent.

152 3768 221 3829 Hae
252 3766 344 3847 igitur
369 3765 484 3828 ratione
506 3786 616 3828 novum
640 3764 755 3828 exstitit
785 3786 878 3846 genus
907 3757 1146 3828 aduersariorum

63 3873 174 3946 Pauli,
214 3852 350 3954 quorum
363 3873 523 3932 adventum
550 3871 705 3954 apostolus
734 3870 766 3932 iu
787 3870 859 3935 Asia
883 3873 990 3934 minori
1015 3891 1146 3934 commo·

63 4001 133 4042 rane
153 3981 217 4060 jam
240 3979 377 4060 praevidit
398 3977 481 4057 (Act.
501 3981 556 4051 20,
579 3980 632 4042 29.
653 3977 722 4057 30),
752 4001 879 4061 quorum
904 3998 976 4038 vcro
998 3974 1146 4036 maehina-

62 4086 161 4148 tionce
182 4106 243 4146 non
263 4082 346 4165 priua
371 4084 535 4145 accuratius
564 4103 748 4166 cognoscere
770 4085 856 4147 nobis
878 4083 962 4151 licet,
997 4099 1084 4160 quam
1107 4103 1145 4143 ex
