2862 4708
1011 283 1095 372 129

42 495 45 510 '
68 509 152 574 lloic
173 506 322 590 superbiae
343 514 427 570 arcte
449 503 601 586 conjuncti
620 509 705 564 erant
719 503 843 577 shnsm,
867 518 945 587 quos
960 503 1019 567 silsi
1033 509 1156 590 permit.

64 615 191 686 tehant,
224 611 289 694 ejus
312 613 500 687 autoritatis,
538 633 596 694 qna
610 604 696 703 intel·
719 608 877 670 Corinthio
899 611 1093 676 smchmtars
1120 607 1158 678 'in

64 719 228 781 ecclesiam
247 719 393 792 dominari
407 717 531 800 ejusque
545 716 679 777 nsemlsra
695 715 911 778 contumeliose
930 723 1060 780 trachre
1074 719 1157 783 lssnsl

64 824 247 886 dubitabant
265 827 301 904 <2
321 825 395 885 Cor.
414 826 466 897 11,
488 825 554 902 2⁰).
600 823 740 904 Speciem
760 819 882 904 quisle'm
902 822 1079 886 innocentiae
1092 846 1156 908 pras

22 997 26 1004 ff
64 952 101 990 se
115 931 266 1002 serebant,
288 931 363 992 adeo
379 937 412 991 ut
423 929 537 993 nullam
557 927 729 990 mercedem
746 926 796 987 vel
811 928 968 1008 praemium
979 949 1081 1010 operoe
1093 953 1156 994 snae

63 1037 98 1096 in
125 1037 311 1097 institutione
333 1035 559 1104 Corinthiorum
587 1031 743 1093 collocata
766 1033 904 1114 accipere
924 1034 1022 1096 videri
1041 1037 1157 1100 vellent

64 1144 110 1219 (λ’
127 1141 201 1202 Cor.
225 1144 278 1214 11,
299 1145 351 1206 11.
374 1145 453 1217 12);
476 1159 583 1201 verum
604 1158 711 1219 reapse
735 1145 881 1220 quaestum
902 1145 1021 1222 turpem
1042 1141 1100 1202 sibi
1114 1145 1158 1205 ia·

63 1247 186 1308 ciebant
214 1269 253 1308 ex
277 1247 444 1309 Corinthiis
476 1244 535 1306 sibi
566 1243 675 1304 deditis
699 1243 735 1322 (2
756 1243 830 1304 Cor.
855 1245 909 1318 11,
933 1246 976 1308 20
994 1237 1159 1332 λιίιδχεοθο

62 1347 143 1441 γαρ,
165 1353 272 1427 εἴτις
302 1343 395 1439 διλᾶς
427 1348 650 1425 καταδουλοῖ,
688 1349 722 1415 οἵ
741 1372 793 1423 τις
820 1348 1016 1429 κατεσθίει,
1048 1354 1083 1418 οἴ
1106 1377 1158 1430 τις

62 1454 257 1545 λαμβάνει,
289 1459 323 1524 ei
341 1479 395 1531 τις
415 1445 609 1544 ἐπαίρεται,
641 1454 675 1522 εἴ
700 1478 752 1528 τις
778 1447 871 1541 uude
899 1459 948 1530 εἰς
974 1449 1158 1546 πρόςωπον

66 1564 183 1648 δέρει).
242 1564 325 1624 llinc
357 1582 478 1644 quoqne
507 1561 653 1644 explicari
687 1568 816 1644 possunt
845 1562 953 1624 acerbe
982 1565 1037 1626 illa
1063 1567 1156 1641 dicta,

67 1668 180 1750 quibus
203 1666 320 1728 Paulus
339 1665 396 1725 lsos
415 1667 555 1726 doctores
574 1667 718 1746 castigate
750 1657 1009 1741 Ψευδαπόςολας
1032 1689 1084 1730 eos
1105 1693 1157 1753 sp·

65 1773 178 1857 pellat,
197 1761 341 1859 ἐργάτας
364 1761 488 1845 δόλιαι,
521 1762 897 1872 μιτααχημααιζόμοαας
919 1774 968 1845 alc
990 1764 1158 1850 α’ποςόλας

63 1965 302 1984 μ

135 2095 205 2170 ipsis
222 2095 357 2167 apostolis
375 2095 454 2161 lesu,
473 2094 558 2150 Petro
576 2094 706 2167 inprimis
726 2095 887 2165 &Jacobs
912 2117 1033 2170 qnorum
1050 2103 1159 2158 sutori-

138 2198 181 2246 tss
199 2188 353 2243 Paulinam
373 2189 459 2258 longe
478 2204 615 2258 superans
638 2205 735 2242 cosam
754 2190 908 2244 Corinthiis
931 2191 1124 2248 celebraretur
1141 2212 1160 2250 s

136 2281 217 2337 falsis
230 2280 402 2345 doctoribus,
415 2278 584 2332 existimant.
609 2281 724 2348 Veram,
736 2298 771 2334 ne
783 2281 970 2349 dicam,lsnnc
988 2287 1159 2356 appellatio-

136 2391 203 2427 nem
220 2371 341 2425 ironiam
360 2378 458 2441 aperte
476 2387 532 2441 prae
550 2387 579 2423 se
597 2370 684 2438 ferre,
703 2389 763 2443 qnae
776 2375 941 2441 offenderet,
959 2375 983 2429 si
1002 2394 1069 2430 vere
1090 2395 1159 2450 ege·

137 2475 219 2520 retas
232 2463 267 2516 de
279 2463 415 2534 apostolis
425 2463 503 2528 lesu,
515 2477 601 2516 nesus
613 2463 748 2519 orationis
759 2465 898 2537 impedire
915 2465 1038 2534 videtur,
1047 2469 1158 2538 quomi-

138 2573 192 2611 nus
210 2556 333 2609 dehisce
351 2555 502 2625 cogitetur.
539 2556 668 2610 Priorem
686 2557 762 2612 enim
787 2560 882 2612 locum
910 2559 969 2614 hoc
986 2562 1075 2616 verba
1093 2577 1160 2617 mox

141 2647 299 2716 excipiente
318 2643 435 2702 sitisset
448 2643 551 2716 ἰδαλιηι
561 2642 687 2721 αῷλῦγῳ,
705 2643 735 2705 αὖ
750 2646 786 2724 τῇ
801 2647 905 2722 γαλαιι.
924 2685 926 2694 ‚
941 2651 1017 2706 Nam
1028 2669 1095 2707 sero
1105 2671 1157 2708 suo

135 2743 203 2809 jure
220 2741 326 2794 Penios
344 2737 471 2808 profiteri
488 2746 590 2809 posset,
616 2757 647 2792 se
665 2741 827 2811 eloquentis
845 2742 997 2799 &dicendi
1019 2745 1159 2800 iscultste

138 2832 302 2888 inies-iorem
328 2847 388 2883 esse
412 2829 528 2899 reliquis
552 2832 620 2884 Jesu
645 2833 804 2901 apostolisl
828 2836 904 2909 'Huc
922 2835 1062 2888 modestis
1086 2853 1159 2890 non·

137 2925 192 2980 nisi
223 2924 320 2976 locate
350 2927 430 2975 esset·
476 2921 593 2976 Rectius
619 2924 773 2986 statuitur,
808 2922 987 2986 judaizantes
1018 2925 1158 2990 doctores,

139 3033 226 3086 quum
251 3014 380 3066 viderent
402 3012 564 3080 Apollinem
589 3029 645 3064 sue
662 3011 687 3064 8(
703 3008 831 3066 Paulini
852 3012 983 3066 doctrina
1000 3013 1161 3068 liberaliori

137 3114 292 3163 sectatores
310 3103 388 3156 haud
413 3117 517 3172 paucos
544 3103 708 3156 conciliasse
725 3119 777 3172 per
796 3101 986 3171 eloquentiam
1004 3102 1030 3157 ὃ(
1049 3091 1160 3160 dicendi

138 3201 324 3258 fucultatem,
348 3209 408 3264 quc
426 3191 531 3246 Grecis
548 3209 659 3264 semper
677 3193 794 3247 maximi
813 3194 977 3261 haberetur,
1001 3193 1031 3248 id
1050 3212 1161 3268 quoqne

141 3291 248 3362 egisse,
274 3297 306 3342 nt
324 3285 499 3340 orationibus
517 3285 614 3355 gustui
633 3285 845 3339 Corinthiorum
865 3285 1058 3356 attemperatis
1077 3289 1159 3343 isso·

139 3401 201 3437 rem
220 3381 245 3435 ds
262 3379 396 3434 fiduciam
412 3379 516 3430 hornus
533 3376 587 3429 sibi
607 3382 750 3446 pararent.
786 3377 942 3433 Posteriosi
963 3379 1027 3433 loco
1045 3379 1077 3447 (2
1095 3381 1160 3436 (los.

138 3475 183 3539 1²,
201 3474 236 3526 ll
254 3473 305 3542 sq.)
317 3472 437 3524 tortasse
454 3484 557 3539 urgere
571 3468 669 3522 licebit
685 3467 725 3524 ci
739 3461 864 3532 dccciii,
880 3476 912 3523 ut
923 3468 1083 3549 significare
1102 3474 1159 3529 dici

139 3565 243 3638 possits
263 3563 383 3633 apostoli
401 3561 468 3623 aeri,
489 3561 609 3630 apostoli
625 3579 688 3614 cere
704 3563 756 3616 Ιιοα
772 3562 878 3614 comice
894 3563 976 3632 digni
991 3565 1060 3634 (den
1071 3567 1159 3620 sande

33 3724 37 3736 ‚
108 3706 112 3720 „
139 3657 303 3729 Apostels);
332 3654 431 3726 quodsi
449 3655 660 3718 concederetur,
679 3654 817 3725 oppositio
837 3661 904 3726 apta
922 3659 1184 3728 querendaesset'
1239 3673 1241 3678 ·

140 3751 215 3822 inter
233 3749 325 3818 ipsum
342 3747 493 3816 (Paulum)
507 3763 574 3800 vere
593 3749 754 3816 apostolom
773 3747 952 3818 &apostolos
969 3750 1035 3804 illos
1052 3758 1160 3804 temese

141 3843 300 3897 celebratos
319 3836 376 3906 (tais
392 3833 519 3913 δαιρλλαν
543 3832 700 3905 ducello),
727 3840 856 3909 quinon
883 3839 1033 3895 edidissent
1057 3841 1159 3892 idonea
1241 3899 1244 3904 ¹
1290 3907 1296 3920 ‚

141 3937 310 3988 documenta
332 3931 482 4002 legationis
506 3949 561 3985 soe
589 3930 705 3996 divine,
731 3927 775 3998 (cci
792 3931 841 4000 piu
863 3936 960 4003 σημαῖαι
985 3928 1018 3986 si
1041 3924 1159 3985 ιῖποςὸλα

142 4021 326 4094 κατειργάσθη
338 4023 377 4091 ,ἓν
395 4022 458 4094 ipsiu
477 4021 506 4078 ἓν
524 4042 600 4097 πασῃ
615 4016 747 4098 ιἀιομοαῇ,
764 4023 793 4078 ἰν
810 4029 929 4094 σημείοις
944 4029 990 4076 stat
1004 4020 1096 4088 siccos
1113 4028 1159 4076 sat

143 4115 295 4186 διαιὶμεοι),
312 4112 341 4169 id
356 4117 429 4186 quod
445 4122 520 4170 certe
532 4115 626 4169 dicere
640 4133 694 4170 non
715 4117 815 4171 liceret
827 4118 862 4170 de
873 4115 948 4170 veris
962 4115 1030 4165 Jesn
1047 4111 1160 4182 legatis.

895 4264 913 4317 9
